2714 3484
1128 112 1187 160 13

221 246 246 267 ⁸
285 216 446 274 potest
473 216 519 259 et
547 225 663 271 vera
693 206 823 257 fiunt
845 206 1213 271 intelligibilia,
1249 205 1304 255 in
1329 207 1514 273 quibus
1535 223 1676 258 mens
1703 207 1862 275 ipsius
1889 210 2073 276 princi-

221 324 245 346 1
288 291 362 357 pii
392 293 567 339 lumen
596 289 853 353 intelligit,
888 290 943 337 in
974 306 1027 338 se
1055 288 1164 353 ipso
1201 305 1320 339 vero
1353 302 1718 355 nequaquam.¹
1751 303 1774 325 ¹·
1819 291 2072 356 Cogitatio

221 374 374 437 igitur
412 382 517 420 n'on
557 371 769 436 amplius
811 371 1143 437 philosophiae
1186 371 1515 437 principium,
1566 372 1655 420 sed
1706 374 1810 421 veri
1851 374 2072 423 intuitio.

221 457 415 507 Verum
443 470 704 503 caveamus
734 471 800 502 ne
826 456 973 518 plane
1000 471 1133 503 nova
1161 454 1244 500 hic
1274 453 1645 518 deprehendere
1672 462 1905 520 putemus
1930 475 1941 502 ε
1965 456 2074 505 Pla-

222 537 381 586 tonici
400 535 506 603 jam
531 535 644 595 diu,
674 544 729 584 ut
754 536 808 584 in
835 535 1052 583 Philone
1079 543 1229 599 atque
1255 535 1550 583 Plutarcho²
1576 535 1746 586 videre
1771 547 1871 598 est,
1898 539 2075 587 lumen

225 620 355 669 illud
385 635 656 684 supernum
680 619 950 668 tuebantur
961 637 973 679 ;
1004 618 1176 666 PLATo
1204 617 1334 683 ipse,
1364 627 1469 666 tum
1497 622 1781 680 monendo,
1808 638 1872 669 ne
1902 620 2077 669 Deum

224 702 278 749 in
306 701 453 748 nobis
482 697 937 763 corrumpamus3‚
971 718 1088 748 cum
1117 701 1467 760 asseverando,
1498 699 1671 748 Deum
1700 700 1834 748 inler-
1858 701 2074 752 intellec-

226 794 336 832 tum
376 785 659 831 humanum
698 793 744 830 et
782 783 1032 831 mundum
1069 781 1435 853 intelligibilem
1476 782 1657 831 eisdem
1684 784 1858 855 fungi
1898 785 2077 847 officiis

225 867 414 932 quibus
435 866 568 914 inter
585 865 748 915 visum
768 876 818 914 ec
835 884 916 914 res
937 875 1170 914 externas
1190 865 1348 913 solem
1358 868 1392 924 4,
1415 864 1682 917 fortissime
1699 865 1775 915 illi
1797 868 2080 931 praeluserat

227 950 482 999 doctrinae.
499 949 746 998 PYTnAco
754 964 844 997 RAs
856 986 868 1009 ,
881 966 908 997 a
919 946 1289 997 Themistoclea
1299 982 1311 1006 ‚
1329 946 1575 1012 Delphica
1588 947 1834 1012 Pythissa‚
1849 949 2081 1013 dogmata

227 1050 316 1081 sua
337 1031 608 1097 accepisse,
631 1031 853 1097 indeque
873 1030 1128 1081 veritatem
1147 1029 1351 1095 perinde
1372 1039 1520 1095 atque
1542 1030 1748 1096 Pythius
1769 1031 1936 1096 loqui,
1957 1032 2080 1081 fere-

155 1114 415 1168 ..baturfiu
458 1115 549 1163 >Sic
584 1122 866 1164 constanter
894 1115 1124 1164 videmus
1158 1131 1265 1161 non
1294 1113 1501 1178 quidem
1531 1115 1680 1178 plane
1711 1114 2080 1164 consentientes

227 1204 422 1245 nostros
453 1195 766 1255 triumviros,
799 1193 886 1244 sed
916 1210 1002 1259 per
1033 1195 1331 1243 saeculorum
1363 1192 1569 1253 seriem,
1606 1211 1931 1244 communem
1962 1195 2081 1244 doc—

227 1277 409 1326 trinam
428 1276 584 1340 magis
603 1276 864 1340 magisque
883 1276 1161 1324 excolendo
1176 1311 1188 1332 ,
1210 1274 1307 1322 sibi
1329 1275 1644 1323 consociatos
1655 1273 1689 1323 ⁶.
1709 1277 1826 1325 Hoc
1840 1312 1853 1335 ,
1875 1277 2079 1341 quando

228 1361 292 1408 ad
329 1359 526 1423 singula
559 1358 791 1421 dogmata
831 1345 1007 1404 licebit
1041 1356 1330 1415 accedere7‚
1372 1354 1440 1405 ita
1481 1358 1612 1405 clare
1650 1357 1989 1408 demonstrare
2025 1358 2081 1408 in

288 1597 303 1621 1
335 1581 513 1621 Marsilii
538 1580 669 1619 Ficini
691 1591 847 1617 summa
873 1591 962 1629 cap.
992 1579 1087 1625 VII,
1117 1577 1190 1616 lib.
1218 1579 1269 1616 V.
1300 1578 1484 1617 Ennead.
1512 1579 1565 1616 V.
1595 1578 1655 1617 Cf.
1688 1579 1792 1617 Enn.
1821 1581 1884 1627 V,
1911 1581 1984 1619 lib.
2008 1583 2081 1629 ΙΙΙ,

231 1665 318 1702 cap.
340 1654 375 1690 8.
1698 1650 1701 1653 ⁴

285 1733 305 1757 2
338 1720 440 1757 Plut.
470 1731 560 1767 opp.
583 1719 655 1763 IX,
683 1730 722 1765 p.
750 1716 823 1754 585
840 1742 850 1762 ,
873 1714 938 1754 ed.
961 1714 1123 1753 Reiske.
1152 1713 1211 1752 Cf.
1238 1713 1382 1752 Cicero
1404 1725 1478 1763 pro
1506 1714 1680 1762 Archia,
1705 1728 1739 1752 c.
1769 1722 1826 1761 ¹4·
1854 1716 1969 1767 Virg.
1987 1715 2082 1758 AEn.

230 1790 303 1834 III,
330 1788 423 1833 358,
450 1789 532 1832 VI,
563 1787 622 1824 50.

288 1858 309 1894 3
339 1858 462 1894 Clem.
488 1856 606 1892 Alex.
636 1855 784 1892 Strom.
815 1854 884 1899 85,
915 1865 974 1888 22.

286 1932 310 1970 4
337 1926 392 1961 V.
422 1925 661 1961 innumeros
694 1921 803 1970 apud
836 1923 1061 1959 ΡιᾼτοΝεΜ
1099 1920 1150 1959 de
1178 1921 1253 1959 hac
1286 1932 1331 1959 re
1357 1922 1481 1959 locos.
1514 1920 1570 1958 Cf.
1597 1921 1824 1971 Degerand.
1851 1923 1957 1960 Hist.
1982 1935 2084 1960 com·

228 1993 343 2043 parde
358 1991 421 2028 des
439 1996 546 2043 ςγδι,
570 1996 658 2035 eta,
685 1989 725 2035 1,
760 1990 844 2026 130.

286 2062 307 2099 5
337 2061 452 2109 Diog.
484 2060 615 2096 Laert.
645 2058 689 2093 in
716 2059 979 2094 Pur-rumoni.

285 2131 306 2168 6
336 2130 429 2167 Non
459 2129 528 2165 hic
554 2131 614 2165 est
638 2127 751 2163 locus
785 2125 1099 2163 demonstrandi
1130 2125 1339 2175 quomodo
1367 2139 1460 2164 cum
1488 2128 1818 2176 neo-platonicis
1851 2129 2087 2167 cohaereant

229 2197 568 2247 philosophorum
589 2195 727 2232 saeculi
754 2195 843 2239 XV,
862 2200 934 2231 aut
946 2195 1209 2243 mysticorum
1231 2196 1368 2232 saeculi
1385 2197 1474 2232 XVI
1491 2201 1530 2232 et
1544 2197 1656 2233 XVH
1674 2193 1912 2244 (Helmont,
1925 2199 2084 2243 Boehm,

230 2266 426 2317 Pordage,
446 2262 598 2313 Fludd)
616 2268 791 2309 statuta,
812 2264 897 2301 sive
916 2275 1007 2300 cum
1027 2263 1246 2301 Platonicis
1263 2263 1565 2301 Malehranchii
1579 2265 1711 2303 nostri
1724 2271 1848 2316 atque
1863 2267 2086 2305 Leibnitzii

230 2335 493 2385 hypotheses3
524 2332 595 2370 sed
617 2344 699 2368 non
722 2343 884 2380 possum
908 2343 991 2368 non
1010 2332 1245 2369 meminisse
1256 2331 1498 2381 Schellingii
1517 2338 1839 2383 caeterorumque
1858 2336 1930 2384 qui
1944 2335 2082 2373 denuo

231 2418 278 2441 το
304 2399 419 2445 ὄντως
445 2397 487 2440 o’v
519 2402 669 2439 volunt
697 2401 853 2437 intuitu
886 2400 1063 2449 quodam
1098 2406 1333 2448 penetrare,
1373 2413 1451 2438 nec
1479 2402 1651 2445 Daubii‚
1687 2404 1759 2450 qui
1783 2403 2079 2441 conscientiam

231 2472 311 2510 Dei
341 2482 486 2519 puram
517 2469 648 2507 menti
670 2469 859 2505 humanae
890 2468 1057 2505 insitam
1089 2465 1157 2516 (το
1184 2476 1257 2514 φως
1283 2481 1318 2505 εν
1342 2481 1401 2506 σοι
1424 2469 1460 2506 S.
1482 2466 1632 2516 Math.)
1659 2474 1825 2508 strenue
1849 2470 2076 2509 defendere

230 2539 387 2584 studet,
409 2543 531 2587 atque
553 2538 723 2576 nonnisi
747 2537 955 2575 Christum
983 2549 1130 2575 verum
1154 2536 1351 2585 praedicat
1372 2536 1662 2587 philosophum
1679 2564 1690 2584 ,
1717 2543 1859 2588 utpote
1886 2553 2082 2590 ομοουςισν

229 2622 284 2646 τω
308 2619 454 2665 παῖ-ξι.

286 2689 307 2723 7
339 2677 540 2726 Logicen,
576 2675 786 2725 physicam
821 2680 947 2723 atque
980 2675 1155 2713 ethicam
1191 2675 1444 2726 distinguere
1477 2676 1521 2713 in
1551 2677 1845 2725 philosophicis
1881 2677 2082 2715 videntur

227 2746 354 2784 Puro
376 2747 690 2794 Pmoemusque.
717 2742 798 2782 Sed
821 2744 990 2782 nonnisi
1007 2740 1173 2795 δὶιναμει
1194 2745 1317 2793 hujus
1332 2745 1612 2784 distinctionis
1627 2748 1852 2785 Pinarum
1869 2753 2078 2785 auctorem
