2714 3484
1152 155 1183 201 9

238 240 539 290 Enneadum
566 244 740 288 auctor
764 235 971 298 nonnisi
998 234 1177 285 leviter
1205 244 1316 298 agat
1347 253 1637 300 quanquam
1661 236 1717 286 in
1741 237 1835 286 hac
1867 238 2102 289 doctrina·
2145 218 2159 230 ἡ

242 324 492 390 praecipue
510 332 754 380 versatuS,
788 339 894 369 non
920 338 1127 385 possum
1151 336 1259 369 non
1286 315 1528 369 affirmare
1554 335 1670 368 eum
1688 338 1896 386 quoque
1924 320 1979 370 in
1996 321 2097 370 hoc

241 406 531 455 Pul-romam
554 419 661 452 esse
690 411 935 452 secutum.

267 524 269 526 .
308 486 391 535 De
423 485 535 534 aliis
567 485 789 533 methodi
821 484 1120 533 Nostrorum
1145 483 1518 548 philosophiam
1548 484 1766 532 docendi
1790 484 2104 544 commodis,

246 567 308 616 de
341 567 442 617 vita
474 566 736 629 discipulis
765 584 882 614 cum
915 565 1150 627 magistro
1192 563 1486 621 communi,
1532 566 1594 611 de
1622 567 1907 613 scholarum
1945 582 2098 612 amoe-

242 649 427 706 nitate,
474 649 537 695 de
567 647 904 712 quaestionum
938 646 1305 711 propositarum
1339 644 1586 694 fructibus
1605 683 1619 705 ,
1660 648 1723 693 de
1751 646 2100 709 dialogorum,

243 728 427 779 nonin
448 726 715 777 scribendo
735 728 820 777 sed
845 729 1076 778 docendo
1089 764 1102 789 ,
1129 726 1365 787 utilitate,
1397 726 1461 775 de
1482 734 1803 792 systematum
1819 725 2099 792 priscorum

245 810 414 859 studio
438 848 453 872 ‚
487 810 677 875 analysi
709 820 859 877 atque
891 810 1091 870 critice,
1131 811 1193 859 de
1228 811 1414 859 selectu
1458 809 1739 858 amicorum
1778 795 2099 875 quorundam

245 909 361 943 vere
393 893 807 958 philosophorum
829 930 841 953 ,
880 894 942 941 de
966 893 1045 941 his
1077 892 1317 940 omnibus
1345 891 1632 957 caeterisque
1668 908 1729 940 eo
1761 891 1918 955 magis
1958 908 2098 940 nunc

246 974 389 1022 mitto
408 974 574 1023 dicere
591 1010 603 1032 ,
632 991 735 1039 quo
763 974 931 1021 minus
957 973 1011 1020 in
1040 973 1332 1023 universum
1355 972 1419 1021 sit
1438 971 1705 1020 methodus
1733 974 1961 1036 quaedam
1986 989 2100 1037 pro-

243 1053 423 1104 banda.
461 1055 579 1104 Non
600 1055 737 1105 enim
755 1055 963 1120 ingenio
983 1056 1150 1104 solum
1172 1062 1398 1122 praestare
1424 1055 1575 1103 debet
1592 1054 1682 1121 qui
1702 1064 1926 1103 veterum
1951 1053 2102 1120 sequi

243 1138 367 1185 velit
390 1139 608 1185 docendi
643 1140 965 1196 methodum,
991 1140 1079 1185 sed
1120 1138 1270 1184 etiam
1304 1138 1557 1183 memoriae
1594 1137 1818 1183 vastitate
1851 1146 1900 1183 et
1923 1136 2099 1183 celeri-

243 1226 341 1266 tate
381 1219 584 1285 orisque
621 1219 885 1279 sacundia;
922 1236 1032 1284 quae
1069 1229 1235 1265 tamen
1271 1235 1299 1263 a
1332 1218 1747 1283 philosophorum
1779 1234 2102 1284 unoquoquev

244 1303 389 1347 nullo
419 1303 573 1346 modo
604 1301 853 1365 possimus
888 1316 1106 1363 poscere.
1153 1300 1249 1345 His
1283 1300 1456 1363 paucis
1493 1300 1556 1345 de
1585 1301 1826 1346 methodo
1864 1317 1970 1346 non
1997 1300 2098 1346 nisi

244 1382 456 1430 verbum
482 1380 844 1445 subjungamus
874 1382 935 1428 de
970 1380 1181 1444 reliquis
1214 1379 1510 1428 Nostrorum
1536 1381 1742 1439 studiis,
1783 1398 1902 1429 cum
1934 1380 2096 1445 philo-

244 1462 449 1527 sophica
464 1463 688 1511 doctrina
700 1461 1041 1510 indissolubili
1060 1461 1268 1510 vinculo
1283 1460 1581 1527 conjuncti&
1592 1462 1934 1510 PYTuAconAs
1948 1463 2101 1511 arith-

246 1545 471 1594 methicae
487 1584 498 1604 ,
523 1544 827 1608 geometriae,
850 1543 1186 1604 astronomiae,
1210 1544 1416 1593 musicae
1431 1543 1651 1607 denique
1667 1544 1732 1593 ita
1752 1562 1857 1594 sese
1875 1547 2102 1605 dederat,

246 1635 425 1675 utnon
447 1628 612 1675 solum
633 1625 686 1675 in
709 1642 1011 1690 unaquaque
1032 1626 1209 1673 harum
1229 1623 1613 1688 disciplinarum
1635 1626 1838 1674 maximi
1854 1627 2107 1676 momenti.

251 1709 468 1758 theorias
486 1707 757 1768 invenerit,
782 1711 868 1758 sed
890 1707 1037 1757 etiam
1064 1707 1183 1757 inde
1200 1707 1607 1773 philosophicum
1631 1727 1779 1757 suum
1802 1710 2101 1759 desumserit

246 1809 555 1852 sermonem,
575 1801 745 1858 atque,
770 1800 825 1839 ut
845 1791 911 1839 ita
931 1791 1120 1850 dicam,
1141 1790 1472 1856 philosophiae
1497 1790 1599 1856 ipsa
1625 1791 1882 1856 principia.
1912 1793 2106 1841 lisdem.

249 1873 425 1921 studiis
450 1875 620 1920 PLA'ro
650 1874 856 1922 vacabat
878 1883 908 1918 ¹.
946 1874 1213 1920 PLo'rmth
1236 1891 1264 1919 a
1293 1872 1474 1919 teneris
1500 1873 1556 1918 in
1580 1873 1896 1933 grammatica
1913 1910 1925 1932 ,
1958 1884 2103 1922 caete·

247 1956 442 2020 risque,
466 1940 575 2020 quae
593 1966 713 2003 tunc
732 1953 1043 2003 Alexandriae
1063 1954 1329 2012 florebant,
1357 1953 1636 2018 disciplinis
1667 1954 1890 2002 eruditus
1912 1955 2097 2015 fuerat.;

244 2046 415 2102 postea
446 2036 717 2099 theurgicis
754 2035 1064 2100 magicisque
1101 2034 1288 2084 artibus
1325 2035 1573 2084 studuisse
1604 2036 1802 2085 videtur
1816 2047 1850 2083 2.
1901 2038 2001 2086 Sed
2034 2038 2100 2087 de

245 2119 346 2179 his,
374 2136 484 2183 quae
502 2121 564 2167 ad
585 2117 931 2180 intelligendas
955 2116 1250 2165 Nostrorum
1274 2117 1571 2165 conducunt
1598 2117 1875 2178 doctrinas,
1909 2120 1972 2166 ad
1988 2120 2095 2169 has-.

198 2239 200 2241 -
247 2217 304 2250 ce
329 2200 478 2267 ipsas,
504 2216 590 2248 seu
617 2199 785 2265 potius
810 2200 871 2248 ad
900 2214 1075 2248 eorum
1104 2213 1429 2247 communem
1453 2199 1757 2262 doctrinam,
1779 2217 1917 2250 nunc
1943 2209 2097 2252 trans-

244 2283 592 2347 grediendum.
620 2298 623 2300 ’

302 2491 315 2515 1
348 2479 553 2515 Statutum
579 2480 665 2525 ejus
687 2494 695 2513 ε
727 2474 843 2521 ουδὶις
865 2490 1128 2535 αγεομετξης,
1158 2482 1235 2515 etc.

297 2557 316 2579 2
348 2545 538 2593 Porphyr.
564 2546 607 2581 in
635 2546 722 2582 vita
751 2548 942 2582 ΡιοτιΝι.
975 2547 1019 2581 In
1048 2545 1237 2581 doctrina
1267 2545 1431 2593 pulchri
1452 2549 1534 2582 tam
1556 2546 1600 2581 in
1621 2546 1771 2583 litteris
1790 2559 1913 2596 quam
1936 2547 2095 2585 artibus

244 2608 358 2660 (quae
386 2615 494 2661 apud
525 2616 746 2651 Germanos
773 2614 990 2651 aestheticae
1023 2627 1175 2651 nomeu
1203 2613 1287 2652 fert
1310 2613 1410 2651 inde
1439 2626 1463 2651 a
1490 2614 1829 2665 Baumgartenio)
1876 2619 2092 2657 Pmrmus

241 2691 355 2727 aeque
381 2692 427 2718 ac
457 2683 581 2719 ΡιΛτο
612 2681 867 2719 consulendi.
