2714 3484
1358 147 1390 194 4

442 239 543 285 rint
580 233 852 293 Platonici,
897 249 957 282 ex
990 248 1165 281 corum
1205 230 1396 296 scriptis
1436 230 1600 279 forsan
1642 230 1835 297 acquiri
1876 239 2085 296 possunt
2123 236 2316 285 auxilia·

452 315 832 382 quaedam-sanis
859 315 959 362 illis
981 313 1245 370 doctrinis,
1277 330 1388 377 quae
1416 330 1555 360 nunc
1585 328 1643 360 ex
1665 313 1902 360 omnibus
1932 323 2066 362 terrae
2089 316 2307 379 panibus

447 397 503 446 in
525 414 848 445 communem
882 394 1143 444 veritatum
1168 395 1458 442 thesaurum
1487 395 1741 442 confluere
1758 432 1769 453 ,
1793 397 2088 459 animosque
2115 406 2307 446 nostros

453 497 556 527 non
598 478 833 527 inauditis
871 477 1078 541 quidem
1117 477 1203 523 scd
1237 475 1366 524 veris
1403 476 1722 539 dogmatibus
1761 475 2031 525 instaurare
2063 476 2306 525 videntur.

453 563 564 609 Hac
587 577 669 625 spe
690 560 794 624 ipse
817 577 930 607 sum
958 568 1148 620 motus,
1177 569 1230 606 ut
1252 575 1308 607 ex
1332 558 1619 607 adversariis
1650 559 1773 607 meis
1799 559 2048 624 platonica
2083 559 2309 624 quaedam

456 645 825 706 depromerem,
863 639 1019 701 magis
1053 648 1104 686 ut
1135 639 1376 685 rationem
1408 655 1568 686 nicam
1598 640 1945 704 philosophica
1974 641 2199 689 discendi
2233 641 2312 688 de·

452 733 803 781 monstrarem,
834 739 985 785 quam
1011 729 1064 767 ut
1088 720 1279 783 ingenii
1309 736 1546 785 ponerem
1579 731 1981 782 monumentum.

521 804 653 852 Cum
678 817 870 867 tempus
896 811 1089 865 urgeat,
1110 801 1296 850 crimus
1325 803 1513 850 breves.
1539 802 1808 867 Postquam
1836 803 2080 851 nonnulla
2108 804 2170 851 de
2195 803 2311 851 viris

451 886 571 951 ipsis
590 902 717 950 quos
736 885 1042 949 proferemus
1061 893 1210 948 atque
1229 883 1422 948 scriptis
1446 901 1556 947 quae
1574 884 1888 949 reliquerunt
1907 885 2283 933 disseruerimus
2298 921 2310 942 ,

455 982 628 1015 eorum
655 964 950 1025 sententias,
984 966 1125 1012 nullo
1149 964 1249 1013 alio
1276 983 1425 1029 quain
1450 983 1553 1031 quo
1583 965 1711 1015 inter
1731 983 1782 1015 se
1811 967 2056 1015 cohaerere
2080 967 2312 1015 videntur

454 1048 630 1096 ordine
664 1056 867 1105 statuto,
897 1063 1219 1110 exponemus.

1110 1161 1322 1216 PARS
1380 1161 1660 1215 PRIMA.

520 1276 674 1326 Varia
706 1291 817 1340 quae
854 1273 1182 1339 philosophiae
1214 1282 1445 1336 pararunt
1482 1272 1636 1321 nostri
1672 1272 1919 1321 triumviri
1947 1273 2039 1321 sata
2079 1292 2184 1321 non
2215 1282 2314 1323 tarn

459 1375 485 1406 e
507 1357 826 1407 varimatibus
846 1355 1174 1425 ingeniorum
1190 1371 1337 1419 quam
1358 1365 1645 1417 temporum
1666 1354 1852 1403 debent
1872 1354 2098 1403 derivari.
2118 1356 2316 1403 PYTnA'-

458 1456 645 1498 comm,
672 1438 911 1497 Samius,
941 1439 1126 1484 saeculo
1157 1446 1270 1483 ante
1296 1436 1552 1483 Christum
1585 1445 1722 1483 sexto
1747 1446 1819 1484 est
1855 1446 2024 1497 natus,
2071 1456 2187 1486 cum
2219 1438 2316 1503 pri·

456 1540 596 1569 mum
636 1519 799 1568 Graeci
841 1518 1175 1584 quaestionum
1222 1517 1684 1582 philosophicarum
1733 1520 1928 1566 nodum
1967 1522 2162 1569 solvere
2201 1528 2319 1570 sunt

457 1604 650 1662 conati,
680 1602 845 1651 adhuc
867 1600 1088 1663 magistri
1109 1601 1263 1649 verbo
1296 1601 1551 1658 credulam
1578 1602 1829 1666 quandam
1853 1602 2124 1667 praebentes
2148 1601 2316 1651 fidem.

457 1686 657 1744 PLA‘ro,
705 1681 1060 1743 Atheniensis,
1100 1682 1381 1731 Alcibiadis
1422 1700 1644 1742 coaevuS,
1689 1683 1896 1730 nonnisi
1934 1686 2119 1733 saeculo
2155 1685 2254 1733 sere
2290 1702 2319 1733 a

459 1767 782 1814 PYTHAGORA
811 1765 959 1813 distat
983 1785 994 1812 ε
1030 1766 1117 1813 sed
1145 1781 1248 1829 quo
1276 1763 1487 1812 saeculo!
1525 1763 1883 1829 Philosophica
1912 1766 2073 1813 studia
2101 1784 2163 1814 eo
2198 1778 2319 1814 tunc

459 1855 807 1910 pervenerant,
832 1854 888 1892 ut
910 1844 1010 1911 jam
1040 1862 1143 1891 non
1169 1844 1366 1906 singula
1390 1845 1620 1906 dogmata
1645 1846 1730 1893 sed
1760 1845 2064 1906 doctrinam,
2086 1844 2190 1912 jam
2214 1852 2320 1897 non

460 1927 729 1976 sententias
746 1930 835 1975 sed
856 1934 1168 1989 argumenta,
1189 1944 1216 1973 a
1231 1926 1648 1989 philosophorum
1668 1926 2108 1976 subtilissimorum
2121 1929 2320 1991 agmine

461 2010 809 2075 poscebantur.
836 2010 1126 2066 PLonUs,
1146 2006 1551 2074 Lycopolitanus
1564 2045 1577 2068 ,
1599 2007 1819 2072 denique
1833 2046 1845 2069 ,
1862 2007 2009 2055 tertio
2027 2019 2137 2073 post
2152 2009 2320 2057 Chris·

457 2101 566 2139 tum
588 2091 774 2140 saeculo
803 2089 1012 2147 florens,
1043 2088 1177 2137 cives
1199 2088 1399 2148 habuit,
1428 2090 1521 2136 hos
1548 2089 1717 2137 dubiis
1748 2089 2111 2138 insolubilibus
2143 2090 2322 2140 distur-

459 2174 601 2221 batos
619 2210 631 2233 ,
661 2173 777 2221 illos
800 2171 1173 2237 superstitiones
1192 2174 1532 2237 amplexuros;
1559 2172 1652 2218 hos
1677 2171 1921 2220 atheismo
1938 2209 1950 2230 ,
1976 2174 2094 2221 illos
2120 2191 2319 2239 corrup-

459 2255 590 2304 tioni
626 2272 825 2304 morum
855 2254 1051 2304 deditos
1076 2274 1087 2302 ε
1117 2265 1328 2303 cunctos
1352 2253 1559 2301 meliora
1589 2255 1818 2317 dogmata
1842 2255 2146 2303 anhelantes,

528 2336 600 2385 Ut
629 2337 878 2385 triumviri
914 2336 1071 2383 nostri
1110 2336 1240 2383 inter
1279 2353 1397 2383 suos
1433 2335 1568 2384 cives
1600 2338 1909 2395 claruerunt,
1948 2336 2017 2385 ita
2058 2336 2322 2409 magistris

462 2419 543 2466 usi
564 2425 681 2466 sunt
711 2417 1052 2467 celeberrimis
1086 2438 1098 2465 :
1134 2418 1478 2465 PanAconAs
1512 2417 1799 2483 Pherecyde
1821 2454 1834 2478 ‚
1885 2418 2086 2467 Socrate
2124 2420 2320 2478 ΡιΑτο,

460 2502 723 2548 Puer-mus
746 2499 1041 2547 Ammonio.
1078 2499 1530 2560 Anaximandrum,
1559 2499 1782 2548 Thaletis
1810 2499 2146 2566 discipulum,
2172 2510 2322 2566 atque

461 2581 818 2646 Epimenidem
853 2597 1061 2647 quoque
1100 2580 1351 2630 audivisse
1381 2581 1744 2629 Pyrnmonm
1777 2583 2018 2630 nonnulli
2051 2591 2170 2631 sunt
2205 2599 2322 2631 auc-

460 2672 627 2712 tores:
664 2680 760 2712 nec
795 2663 867 2712 eis
907 2671 978 2710 est
1018 2661 1141 2711 fides
1176 2664 1479 2727 deneganda.
1534 2664 1577 2711 A
1620 2663 1820 2729 Cratylo
1846 2664 2092 2713 Heracliti
2125 2673 2322 2714 senten-

462 2746 584 2803 tias,
626 2747 689 2792 ab
726 2745 1052 2807 Hermogene
1078 2745 1415 2806 ParmenidiS,
1451 2763 1478 2793 a
1510 2745 1752 2811 Sophistis
1780 2745 1941 2794 atticis
1972 2745 2105 2795 varia
2145 2745 2323 2794 didicit
