<?xml version="1.0" encoding="UTF-8"?>
<!DOCTYPE html PUBLIC "-//W3C//DTD XHTML 1.0 Transitional//EN"
    "http://www.w3.org/TR/xhtml1/DTD/xhtml1-transitional.dtd">
<html xmlns="http://www.w3.org/1999/xhtml" xml:lang="en" lang="en">
 <head>
  <title>
</title>
<meta http-equiv="Content-Type" content="text/html;charset=utf-8" />
  <meta name='ocr-system' content='tesseract 3.04.00' />
  <meta name='ocr-capabilities' content='ocr_page ocr_carea ocr_par ocr_line ocrx_word'/>
</head>
<body>
  <div class='ocr_page' id='page_1' title='image "4628553_0023.png"; bbox 0 0 2714 3484; ppageno 0'>
   <div class='ocr_carea' id='block_1_1' title="bbox 1148 124 1206 176">
    <p class='ocr_par' dir='ltr' id='par_1_1' title="bbox 1148 124 1206 176">
     <span class='ocr_line' id='line_1_1' title="bbox 1148 124 1206 176; baseline 0 0"><span class='ocrx_word' id='word_1_1' title='bbox 1148 124 1206 176; x_wconf 79' lang='lat'><strong>15</strong></span> 
     </span>
    </p>
   </div>
   <div class='ocr_carea' id='block_1_2' title="bbox 233 211 2091 869">
    <p class='ocr_par' dir='ltr' id='par_1_2' title="bbox 233 211 2091 446">
     <span class='ocr_line' id='line_1_2' title="bbox 307 211 2091 299; baseline -0.002 -19"><span class='ocrx_word' id='word_1_2' title='bbox 307 211 353 299; x_wconf 69' lang='lat'><strong>9.</strong></span> <span class='ocrx_word' id='word_1_3' title='bbox 390 228 607 281; x_wconf 85' lang='lat' dir='ltr'><strong>Daemon</strong></span> <span class='ocrx_word' id='word_1_4' title='bbox 643 227 739 276; x_wconf 83' lang='lat' dir='ltr'><strong>suit</strong></span> <span class='ocrx_word' id='word_1_5' title='bbox 766 224 959 288; x_wconf 89' lang='lat' dir='ltr'><strong>anima,</strong></span> <span class='ocrx_word' id='word_1_6' title='bbox 990 224 1305 276; x_wconf 83' lang='lat' dir='ltr'><strong>beatitudine</strong></span> <span class='ocrx_word' id='word_1_7' title='bbox 1340 224 1552 289; x_wconf 83' lang='lat' dir='ltr'><strong>insignis</strong></span> <span class='ocrx_word' id='word_1_8' title='bbox 1585 241 1728 291; x_wconf 87' lang='lat' dir='ltr'><strong>aeque</strong></span> <span class='ocrx_word' id='word_1_9' title='bbox 1758 244 1816 276; x_wconf 90' lang='lat' dir='ltr'><strong>ac</strong></span> <span class='ocrx_word' id='word_1_10' title='bbox 1845 226 2091 293; x_wconf 82' lang='lat' dir='ltr'><strong>potentia,</strong></span> 
     </span>
     <span class='ocr_line' id='line_1_3' title="bbox 237 309 2090 380; baseline -0.002 -16"><span class='ocrx_word' id='word_1_11' title='bbox 237 323 506 380; x_wconf 86' lang='lat' dir='ltr'><strong>antequam</strong></span> <span class='ocrx_word' id='word_1_12' title='bbox 541 312 604 359; x_wconf 89' lang='lat' dir='ltr'><strong>ad</strong></span> <span class='ocrx_word' id='word_1_13' title='bbox 639 326 825 359; x_wconf 91' lang='lat' dir='ltr'><strong>errores</strong></span> <span class='ocrx_word' id='word_1_14' title='bbox 864 310 1141 377; x_wconf 84' lang='lat' dir='ltr'><strong>expiandos</strong></span> <span class='ocrx_word' id='word_1_15' title='bbox 1179 309 1234 358; x_wconf 89' lang='lat' dir='ltr'><strong>in</strong></span> <span class='ocrx_word' id='word_1_16' title='bbox 1270 325 1450 373; x_wconf 84' lang='lat' dir='ltr'><strong>corpus</strong></span> <span class='ocrx_word' id='word_1_17' title='bbox 1487 309 1824 362; x_wconf 83' lang='lat' dir='ltr'><strong>descenderet.</strong></span> <span class='ocrx_word' id='word_1_18' title='bbox 1870 310 2090 365; x_wconf 86' lang='lat' dir='ltr'><strong>Daemon</strong></span> 
     </span>
     <span class='ocr_line' id='line_1_4' title="bbox 233 396 430 446; baseline -0.015 0"><span class='ocrx_word' id='word_1_19' title='bbox 233 396 430 446; x_wconf 86' lang='lat' dir='ltr'><strong>redibit.</strong></span> 
     </span>
    </p>

    <p class='ocr_par' dir='ltr' id='par_1_3' title="bbox 237 474 2088 625">
     <span class='ocr_line' id='line_1_5' title="bbox 308 474 2088 541; baseline -0.001 -17"><span class='ocrx_word' id='word_1_20' title='bbox 308 494 382 525; x_wconf 90' lang='lat'><strong>10.</strong></span> <span class='ocrx_word' id='word_1_21' title='bbox 418 476 466 524; x_wconf 96' lang='lat' dir='ltr'>A</span> <span class='ocrx_word' id='word_1_22' title='bbox 497 475 790 541; x_wconf 84' lang='lat' dir='ltr'>corporibus</span> <span class='ocrx_word' id='word_1_23' title='bbox 829 476 892 523; x_wconf 86' lang='lat' dir='ltr'><strong>ad</strong></span> <span class='ocrx_word' id='word_1_24' title='bbox 932 492 1162 540; x_wconf 90' lang='lat' dir='ltr'><strong>corpora,</strong></span> <span class='ocrx_word' id='word_1_25' title='bbox 1202 476 1324 525; x_wconf 90' lang='lat' dir='ltr'><strong>dum</strong></span> <span class='ocrx_word' id='word_1_26' title='bbox 1355 475 1411 522; x_wconf 89' lang='lat' dir='ltr'><strong>in</strong></span> <span class='ocrx_word' id='word_1_27' title='bbox 1443 474 1636 522; x_wconf 87' lang='lat' dir='ltr'><strong>mundo</strong></span> <span class='ocrx_word' id='word_1_28' title='bbox 1678 482 1931 534; x_wconf 82' lang='lat' dir='ltr'><strong>remanet,</strong></span> <span class='ocrx_word' id='word_1_29' title='bbox 1963 483 2088 522; x_wconf 88' lang='lat' dir='ltr'><strong>errat</strong></span> 
     </span>
     <span class='ocr_line' id='line_1_6' title="bbox 237 556 1749 625; baseline -0.003 -16"><span class='ocrx_word' id='word_1_30' title='bbox 237 578 299 610; x_wconf 91' lang='lat' dir='ltr'><strong>eo</strong></span> <span class='ocrx_word' id='word_1_31' title='bbox 332 577 495 625; x_wconf 91' lang='lat' dir='ltr'><strong>usque</strong></span> <span class='ocrx_word' id='word_1_32' title='bbox 526 579 630 625; x_wconf 91' lang='lat' dir='ltr'><strong>quo</strong></span> <span class='ocrx_word' id='word_1_33' title='bbox 658 558 961 623; x_wconf 75' lang='lat' dir='ltr'><strong>primitivam</strong></span> <span class='ocrx_word' id='word_1_34' title='bbox 991 556 1355 623; x_wconf 85' lang='lat' dir='ltr'><strong>recuperaverit</strong></span> <span class='ocrx_word' id='word_1_35' title='bbox 1377 557 1749 622; x_wconf 82' lang='lat' dir='ltr'><strong>perfectionem.</strong></span> 
     </span>
    </p>

    <p class='ocr_par' dir='ltr' id='par_1_4' title="bbox 237 638 2087 869">
     <span class='ocr_line' id='line_1_7' title="bbox 310 638 2087 708; baseline -0.002 -17"><span class='ocrx_word' id='word_1_36' title='bbox 310 659 384 691; x_wconf 86' lang='lat'><strong>11.</strong></span> <span class='ocrx_word' id='word_1_37' title='bbox 420 641 687 691; x_wconf 89' lang='lat' dir='ltr'><strong>Restitutio</strong></span> <span class='ocrx_word' id='word_1_38' title='bbox 729 641 816 689; x_wconf 89' lang='lat' dir='ltr'><strong>illa</strong></span> <span class='ocrx_word' id='word_1_39' title='bbox 858 638 914 689; x_wconf 86' lang='lat' dir='ltr'><strong>fit</strong></span> <span class='ocrx_word' id='word_1_40' title='bbox 956 638 1304 705; x_wconf 90' lang='lat' dir='ltr'><strong>purificatione</strong></span> <span class='ocrx_word' id='word_1_41' title='bbox 1350 638 1535 698; x_wconf 88' lang='lat' dir='ltr'><strong>animi,</strong></span> <span class='ocrx_word' id='word_1_42' title='bbox 1581 656 1822 708; x_wconf 79' lang='lat' dir='ltr'><strong>sensuum</strong></span> <span class='ocrx_word' id='word_1_43' title='bbox 1869 639 2087 689; x_wconf 86' lang='lat' dir='ltr'><strong>debella-</strong></span> 
     </span>
     <span class='ocr_line' id='line_1_8' title="bbox 238 720 2086 791; baseline -0.002 -17"><span class='ocrx_word' id='word_1_44' title='bbox 238 724 404 783; x_wconf 81' lang='lat' dir='ltr'><strong>tione,</strong></span> <span class='ocrx_word' id='word_1_45' title='bbox 437 724 616 773; x_wconf 90' lang='lat' dir='ltr'><strong>mundi</strong></span> <span class='ocrx_word' id='word_1_46' title='bbox 655 723 988 788; x_wconf 88' lang='lat' dir='ltr'><strong>intelligibilis</strong></span> <span class='ocrx_word' id='word_1_47' title='bbox 1029 723 1486 791; x_wconf 85' lang='lat' dir='ltr'><strong>contemplatione;</strong></span> <span class='ocrx_word' id='word_1_48' title='bbox 1525 720 1640 770; x_wconf 88' lang='lat' dir='ltr'><strong>finis</strong></span> <span class='ocrx_word' id='word_1_49' title='bbox 1681 720 1801 770; x_wconf 87' lang='lat' dir='ltr'><strong>inde</strong></span> <span class='ocrx_word' id='word_1_50' title='bbox 1838 720 2086 771; x_wconf 83' lang='lat' dir='ltr'><strong>nascentis</strong></span> 
     </span>
     <span class='ocr_line' id='line_1_9' title="bbox 237 802 2085 869; baseline -0.002 -16"><span class='ocrx_word' id='word_1_51' title='bbox 237 804 523 854; x_wconf 88' lang='lat' dir='ltr'><strong>intuitionis</strong></span> <span class='ocrx_word' id='word_1_52' title='bbox 550 815 621 855; x_wconf 90' lang='lat' dir='ltr'><strong>est</strong></span> <span class='ocrx_word' id='word_1_53' title='bbox 641 821 893 869; x_wconf 87' lang='lat' dir='ltr'><strong>regressus</strong></span> <span class='ocrx_word' id='word_1_54' title='bbox 923 804 976 853; x_wconf 90' lang='lat' dir='ltr'><strong>in</strong></span> <span class='ocrx_word' id='word_1_55' title='bbox 1007 804 1193 854; x_wconf 89' lang='lat' dir='ltr'><strong>Deum.</strong></span> <span class='ocrx_word' id='word_1_56' title='bbox 1234 803 1317 852; x_wconf 91' lang='lat' dir='ltr'><strong>Sic</strong></span> <span class='ocrx_word' id='word_1_57' title='bbox 1349 803 1405 852; x_wconf 87' lang='lat' dir='ltr'><strong>in</strong></span> <span class='ocrx_word' id='word_1_58' title='bbox 1434 818 1683 854; x_wconf 87' lang='lat' dir='ltr'><strong>oceanum</strong></span> <span class='ocrx_word' id='word_1_59' title='bbox 1716 802 1845 851; x_wconf 88' lang='lat' dir='ltr'><strong>redit</strong></span> <span class='ocrx_word' id='word_1_60' title='bbox 1871 819 2001 869; x_wconf 84' lang='lat' dir='ltr'><strong>aqua</strong></span> <span class='ocrx_word' id='word_1_61' title='bbox 2025 818 2085 852; x_wconf 85' lang='lat' dir='ltr'><strong>ex</strong></span> 
     </span>
    </p>
   </div>
   <div class='ocr_carea' id='block_1_3' title="bbox 238 889 622 954">
    <p class='ocr_par' dir='ltr' id='par_1_5' title="bbox 238 889 622 954">
     <span class='ocr_line' id='line_1_10' title="bbox 238 889 622 954; baseline -0.003 -17"><span class='ocrx_word' id='word_1_62' title='bbox 238 891 436 954; x_wconf 86' lang='lat' dir='ltr'><strong>ampula</strong></span> <span class='ocrx_word' id='word_1_63' title='bbox 459 889 622 937; x_wconf 87' lang='lat' dir='ltr'><strong>fracta.</strong></span> 
     </span>
    </p>
   </div>
   <div class='ocr_carea' id='block_1_4' title="bbox 542 1047 1777 1134">
    <p class='ocr_par' dir='ltr' id='par_1_6' title="bbox 542 1047 1777 1134">
     <span class='ocr_line' id='line_1_11' title="bbox 542 1047 1777 1134; baseline -0.002 -25"><span class='ocrx_word' id='word_1_64' title='bbox 542 1047 767 1109; x_wconf 79' lang='lat' dir='ltr'><strong>Theses</strong></span> <span class='ocrx_word' id='word_1_65' title='bbox 808 1047 899 1109; x_wconf 84' lang='lat' dir='ltr'><strong>ad</strong></span> <span class='ocrx_word' id='word_1_66' title='bbox 942 1047 1386 1134; x_wconf 71' lang='lat' dir='ltr'><strong>disputandum</strong></span> <span class='ocrx_word' id='word_1_67' title='bbox 1416 1049 1777 1133; x_wconf 66' lang='lat' dir='ltr'><strong>propositae.</strong></span> 
     </span>
    </p>
   </div>
   <div class='ocr_carea' id='block_1_5' title="bbox 227 1190 2088 2815">
    <p class='ocr_par' dir='ltr' id='par_1_7' title="bbox 240 1190 2088 1342">
     <span class='ocr_line' id='line_1_12' title="bbox 307 1190 2088 1260; baseline 0 -19"><span class='ocrx_word' id='word_1_68' title='bbox 307 1210 349 1241; x_wconf 91' lang='lat'><strong>1.</strong></span> <span class='ocrx_word' id='word_1_69' title='bbox 386 1194 684 1260; x_wconf 87' lang='lat' dir='ltr'><strong>Pythagoras</strong></span> <span class='ocrx_word' id='word_1_70' title='bbox 730 1193 942 1241; x_wconf 89' lang='lat' dir='ltr'><strong>omnino</strong></span> <span class='ocrx_word' id='word_1_71' title='bbox 993 1194 1187 1259; x_wconf 89' lang='lat' dir='ltr'><strong>optime</strong></span> <span class='ocrx_word' id='word_1_72' title='bbox 1234 1192 1604 1259; x_wconf 86' lang='lat' dir='ltr'><strong>philosophiam</strong></span> <span class='ocrx_word' id='word_1_73' title='bbox 1647 1190 1875 1242; x_wconf 87' lang='lat' dir='ltr'><strong>definivit</strong></span> <span class='ocrx_word' id='word_1_74' title='bbox 1918 1193 2088 1258; x_wconf 85' lang='lat' dir='ltr'><strong>quoad</strong></span> 
     </span>
     <span class='ocr_line' id='line_1_13' title="bbox 240 1273 1304 1342; baseline -0.002 -18"><span class='ocrx_word' id='word_1_75' title='bbox 240 1273 550 1342; x_wconf 84' lang='lat' dir='ltr'><strong>subjectum,</strong></span> <span class='ocrx_word' id='word_1_76' title='bbox 585 1276 673 1325; x_wconf 90' lang='lat' dir='ltr'><strong>sed</strong></span> <span class='ocrx_word' id='word_1_77' title='bbox 702 1293 808 1323; x_wconf 92' lang='lat' dir='ltr'><strong>non</strong></span> <span class='ocrx_word' id='word_1_78' title='bbox 834 1276 1002 1341; x_wconf 86' lang='lat' dir='ltr'><strong>quoad</strong></span> <span class='ocrx_word' id='word_1_79' title='bbox 1034 1273 1304 1342; x_wconf 86' lang='lat' dir='ltr'><strong>objectum.</strong></span> 
     </span>
    </p>

    <p class='ocr_par' dir='ltr' id='par_1_8' title="bbox 239 1355 2085 1504">
     <span class='ocr_line' id='line_1_14' title="bbox 305 1355 2085 1422; baseline 0.001 -18"><span class='ocrx_word' id='word_1_80' title='bbox 305 1373 349 1404; x_wconf 83' lang='lat'><strong>2.</strong></span> <span class='ocrx_word' id='word_1_81' title='bbox 387 1356 710 1422; x_wconf 86' lang='lat' dir='ltr'><strong>Philosophia</strong></span> <span class='ocrx_word' id='word_1_82' title='bbox 745 1374 850 1405; x_wconf 92' lang='lat' dir='ltr'><strong>non</strong></span> <span class='ocrx_word' id='word_1_83' title='bbox 886 1365 959 1405; x_wconf 89' lang='lat' dir='ltr'><strong>est</strong></span> <span class='ocrx_word' id='word_1_84' title='bbox 990 1356 1197 1404; x_wconf 84' lang='lat' dir='ltr'><strong>scientia</strong></span> <span class='ocrx_word' id='word_1_85' title='bbox 1238 1373 1436 1416; x_wconf 90' lang='lat' dir='ltr'><strong>rerum,</strong></span> <span class='ocrx_word' id='word_1_86' title='bbox 1479 1356 1568 1405; x_wconf 90' lang='lat' dir='ltr'><strong>sed</strong></span> <span class='ocrx_word' id='word_1_87' title='bbox 1598 1355 1805 1406; x_wconf 90' lang='lat' dir='ltr'><strong>scientia</strong></span> <span class='ocrx_word' id='word_1_88' title='bbox 1832 1355 2085 1406; x_wconf 88' lang='lat' dir='ltr'><strong>rationum</strong></span> 
     </span>
     <span class='ocr_line' id='line_1_15' title="bbox 239 1437 1317 1504; baseline -0.003 -19"><span class='ocrx_word' id='word_1_89' title='bbox 239 1438 425 1504; x_wconf 88' lang='lat' dir='ltr'><strong>quibus</strong></span> <span class='ocrx_word' id='word_1_90' title='bbox 451 1437 827 1486; x_wconf 81' lang='lat' dir='ltr'><strong>nitunturideae</strong></span> <span class='ocrx_word' id='word_1_91' title='bbox 858 1445 1033 1485; x_wconf 85' lang='lat' dir='ltr'><strong>nostrae</strong></span> <span class='ocrx_word' id='word_1_92' title='bbox 1063 1438 1126 1484; x_wconf 88' lang='lat' dir='ltr'><strong>de</strong></span> <span class='ocrx_word' id='word_1_93' title='bbox 1153 1437 1317 1486; x_wconf 92' lang='lat' dir='ltr'><strong>rebus.</strong></span> 
     </span>
    </p>

    <p class='ocr_par' dir='ltr' id='par_1_9' title="bbox 302 1517 2018 1584">
     <span class='ocr_line' id='line_1_16' title="bbox 302 1517 2018 1584; baseline 0 -19"><span class='ocrx_word' id='word_1_94' title='bbox 302 1519 349 1566; x_wconf 86' lang='lat'><strong>3.</strong></span> <span class='ocrx_word' id='word_1_95' title='bbox 385 1518 721 1584; x_wconf 90' lang='lat' dir='ltr'><strong>Philosophiae</strong></span> <span class='ocrx_word' id='word_1_96' title='bbox 749 1518 1030 1567; x_wconf 88' lang='lat' dir='ltr'><strong>theoreticae</strong></span> <span class='ocrx_word' id='word_1_97' title='bbox 1060 1525 1209 1583; x_wconf 90' lang='lat' dir='ltr'><strong>atque</strong></span> <span class='ocrx_word' id='word_1_98' title='bbox 1240 1517 1465 1583; x_wconf 88' lang='lat' dir='ltr'><strong>practicae</strong></span> <span class='ocrx_word' id='word_1_99' title='bbox 1491 1535 1617 1567; x_wconf 82' lang='lat' dir='ltr'><strong>vana</strong></span> <span class='ocrx_word' id='word_1_100' title='bbox 1650 1526 1721 1566; x_wconf 90' lang='lat' dir='ltr'><strong>est</strong></span> <span class='ocrx_word' id='word_1_101' title='bbox 1745 1517 2018 1566; x_wconf 86' lang='lat' dir='ltr'><strong>distinctio.</strong></span> 
     </span>
    </p>

    <p class='ocr_par' dir='ltr' id='par_1_10' title="bbox 232 1599 2085 1731">
     <span class='ocr_line' id='line_1_17' title="bbox 301 1599 2085 1664; baseline 0.001 -18"><span class='ocrx_word' id='word_1_102' title='bbox 301 1614 346 1658; x_wconf 81' lang='lat'><strong>4.</strong></span> <span class='ocrx_word' id='word_1_103' title='bbox 383 1600 655 1648; x_wconf 89' lang='lat' dir='ltr'><strong>Distinctio</strong></span> <span class='ocrx_word' id='word_1_104' title='bbox 683 1600 812 1647; x_wconf 88' lang='lat' dir='ltr'><strong>inter</strong></span> <span class='ocrx_word' id='word_1_105' title='bbox 832 1600 1146 1648; x_wconf 88' lang='lat' dir='ltr'><strong>intellectum</strong></span> <span class='ocrx_word' id='word_1_106' title='bbox 1162 1599 1378 1664; x_wconf 79' lang='lat' dir='ltr'><strong>(esprit)</strong></span> <span class='ocrx_word' id='word_1_107' title='bbox 1409 1610 1457 1648; x_wconf 89' lang='lat' dir='ltr'><strong>et</strong></span> <span class='ocrx_word' id='word_1_108' title='bbox 1476 1600 1721 1648; x_wconf 87' lang='lat' dir='ltr'><strong>rationem</strong></span> <span class='ocrx_word' id='word_1_109' title='bbox 1751 1600 1984 1664; x_wconf 81' lang='lat' dir='ltr'><strong>(raison)</strong></span> <span class='ocrx_word' id='word_1_110' title='bbox 2012 1609 2085 1648; x_wconf 89' lang='lat' dir='ltr'><strong>est</strong></span> 
     </span>
     <span class='ocr_line' id='line_1_18' title="bbox 232 1699 373 1731; baseline -0.014 0"><span class='ocrx_word' id='word_1_111' title='bbox 232 1699 373 1731; x_wconf 88' lang='lat' dir='ltr'><strong>vana.</strong></span> 
     </span>
    </p>

    <p class='ocr_par' dir='ltr' id='par_1_11' title="bbox 236 1760 2084 1912">
     <span class='ocr_line' id='line_1_19' title="bbox 303 1760 2084 1815; baseline 0.001 -2"><span class='ocrx_word' id='word_1_112' title='bbox 303 1766 346 1813; x_wconf 87' lang='lat'><strong>5.</strong></span> <span class='ocrx_word' id='word_1_113' title='bbox 397 1766 729 1813; x_wconf 91' lang='lat' dir='ltr'><strong>Incommoda</strong></span> <span class='ocrx_word' id='word_1_114' title='bbox 771 1772 842 1813; x_wconf 88' lang='lat' dir='ltr'><strong>est</strong></span> <span class='ocrx_word' id='word_1_115' title='bbox 881 1764 1136 1813; x_wconf 85' lang='lat' dir='ltr'><strong>distinctio</strong></span> <span class='ocrx_word' id='word_1_116' title='bbox 1185 1764 1314 1813; x_wconf 89' lang='lat' dir='ltr'><strong>inter</strong></span> <span class='ocrx_word' id='word_1_117' title='bbox 1361 1760 1660 1813; x_wconf 85' lang='lat' dir='ltr'><strong>substantias</strong></span> <span class='ocrx_word' id='word_1_118' title='bbox 1708 1764 1984 1814; x_wconf 88' lang='lat' dir='ltr'><strong>materiales</strong></span> <span class='ocrx_word' id='word_1_119' title='bbox 2034 1774 2084 1815; x_wconf 87' lang='lat' dir='ltr'><strong>et</strong></span> 
     </span>
     <span class='ocr_line' id='line_1_20' title="bbox 236 1847 881 1912; baseline 0 -18"><span class='ocrx_word' id='word_1_120' title='bbox 236 1847 536 1912; x_wconf 88' lang='lat' dir='ltr'><strong>spirituales,</strong></span> <span class='ocrx_word' id='word_1_121' title='bbox 561 1858 617 1895; x_wconf 90' lang='lat' dir='ltr'><strong>ut</strong></span> <span class='ocrx_word' id='word_1_122' title='bbox 643 1847 881 1912; x_wconf 87' lang='lat' dir='ltr'><strong>opposita.</strong></span> 
     </span>
    </p>

    <p class='ocr_par' dir='ltr' id='par_1_12' title="bbox 232 1928 2081 2075">
     <span class='ocr_line' id='line_1_21' title="bbox 301 1928 2081 1995; baseline 0.002 -18"><span class='ocrx_word' id='word_1_123' title='bbox 301 1928 346 1977; x_wconf 90' lang='grc'><strong>6.</strong></span> <span class='ocrx_word' id='word_1_124' title='bbox 382 1931 500 1977; x_wconf 93' lang='lat' dir='ltr'><strong>Non</strong></span> <span class='ocrx_word' id='word_1_125' title='bbox 524 1947 650 1977; x_wconf 91' lang='lat' dir='ltr'><strong>vana</strong></span> <span class='ocrx_word' id='word_1_126' title='bbox 674 1929 882 1993; x_wconf 90' lang='lat' dir='ltr'><strong>quidem</strong></span> <span class='ocrx_word' id='word_1_127' title='bbox 914 1937 985 1977; x_wconf 92' lang='lat' dir='ltr'><strong>est</strong></span> <span class='ocrx_word' id='word_1_128' title='bbox 1010 1929 1218 1995; x_wconf 88' lang='lat' dir='ltr'><strong>quaestio</strong></span> <span class='ocrx_word' id='word_1_129' title='bbox 1241 1930 1302 1979; x_wconf 89' lang='lat' dir='ltr'><strong>de</strong></span> <span class='ocrx_word' id='word_1_130' title='bbox 1333 1929 1557 1978; x_wconf 90' lang='lat' dir='ltr'><strong>idearum</strong></span> <span class='ocrx_word' id='word_1_131' title='bbox 1587 1929 1803 1993; x_wconf 86' lang='lat' dir='ltr'><strong>origine,</strong></span> <span class='ocrx_word' id='word_1_132' title='bbox 1832 1933 1921 1980; x_wconf 88' lang='lat' dir='ltr'><strong>sed</strong></span> <span class='ocrx_word' id='word_1_133' title='bbox 1942 1948 2081 1981; x_wconf 84' lang='lat' dir='ltr'><strong>vanae</strong></span> 
     </span>
     <span class='ocr_line' id='line_1_22' title="bbox 232 2010 976 2075; baseline 0.001 -17"><span class='ocrx_word' id='word_1_134' title='bbox 232 2011 649 2075; x_wconf 86' lang='lat' dir='ltr'><strong>philosophorum</strong></span> <span class='ocrx_word' id='word_1_135' title='bbox 677 2010 976 2060; x_wconf 86' lang='lat' dir='ltr'><strong>differentiae.</strong></span> 
     </span>
    </p>

    <p class='ocr_par' dir='ltr' id='par_1_13' title="bbox 232 2091 2076 2221">
     <span class='ocr_line' id='line_1_23' title="bbox 301 2091 2076 2161; baseline 0.002 -22"><span class='ocrx_word' id='word_1_136' title='bbox 301 2110 345 2155; x_wconf 93' lang='lat'><strong>7.</strong></span> <span class='ocrx_word' id='word_1_137' title='bbox 381 2093 706 2154; x_wconf 80' lang='lat' dir='ltr'><strong>IdealismuS‚</strong></span> <span class='ocrx_word' id='word_1_138' title='bbox 740 2092 830 2158; x_wconf 91' lang='lat' dir='ltr'><strong>qui</strong></span> <span class='ocrx_word' id='word_1_139' title='bbox 873 2109 924 2141; x_wconf 90' lang='lat' dir='ltr'><strong>se</strong></span> <span class='ocrx_word' id='word_1_140' title='bbox 963 2091 1109 2158; x_wconf 89' lang='lat' dir='ltr'><strong>ponit</strong></span> <span class='ocrx_word' id='word_1_141' title='bbox 1153 2091 1431 2157; x_wconf 79' lang='lat' dir='ltr'><strong>ipseitacem</strong></span> <span class='ocrx_word' id='word_1_142' title='bbox 1475 2093 1788 2155; x_wconf 83' lang='lat' dir='ltr'><strong>absolutam,</strong></span> <span class='ocrx_word' id='word_1_143' title='bbox 1821 2111 1874 2143; x_wconf 92' lang='lat' dir='ltr'><strong>se</strong></span> <span class='ocrx_word' id='word_1_144' title='bbox 1910 2095 2076 2161; x_wconf 91' lang='lat' dir='ltr'><strong>ipsum</strong></span> 
     </span>
     <span class='ocr_line' id='line_1_24' title="bbox 232 2173 453 2221; baseline 0.009 -3"><span class='ocrx_word' id='word_1_145' title='bbox 232 2173 453 2221; x_wconf 84' lang='lat' dir='ltr'><strong>destruit.</strong></span> 
     </span>
    </p>

    <p class='ocr_par' dir='ltr' id='par_1_14' title="bbox 227 2254 2078 2401">
     <span class='ocr_line' id='line_1_25' title="bbox 301 2254 2078 2322; baseline 0.004 -20"><span class='ocrx_word' id='word_1_146' title='bbox 301 2255 347 2302; x_wconf 91' lang='lat'><strong>8.</strong></span> <span class='ocrx_word' id='word_1_147' title='bbox 382 2255 702 2315; x_wconf 88' lang='lat' dir='ltr'><strong>Idealismus,</strong></span> <span class='ocrx_word' id='word_1_148' title='bbox 729 2254 872 2322; x_wconf 87' lang='lat' dir='ltr'><strong>cujus</strong></span> <span class='ocrx_word' id='word_1_149' title='bbox 900 2266 970 2306; x_wconf 90' lang='lat' dir='ltr'><strong>est</strong></span> <span class='ocrx_word' id='word_1_150' title='bbox 993 2256 1252 2306; x_wconf 85' lang='lat' dir='ltr'><strong>Berkleius</strong></span> <span class='ocrx_word' id='word_1_151' title='bbox 1278 2257 1504 2320; x_wconf 89' lang='lat' dir='ltr'><strong>signifer,</strong></span> <span class='ocrx_word' id='word_1_152' title='bbox 1531 2258 1594 2306; x_wconf 87' lang='lat' dir='ltr'><strong>ab</strong></span> <span class='ocrx_word' id='word_1_153' title='bbox 1622 2258 1714 2306; x_wconf 90' lang='lat' dir='ltr'><strong>illo</strong></span> <span class='ocrx_word' id='word_1_154' title='bbox 1735 2258 2078 2309; x_wconf 86' lang='lat' dir='ltr'><strong>Eleaticorum</strong></span> 
     </span>
     <span class='ocr_line' id='line_1_26' title="bbox 227 2336 577 2401; baseline 0 -16"><span class='ocrx_word' id='word_1_155' title='bbox 227 2338 375 2401; x_wconf 89' lang='lat' dir='ltr'><strong>plane</strong></span> <span class='ocrx_word' id='word_1_156' title='bbox 405 2336 577 2387; x_wconf 84' lang='lat' dir='ltr'><strong>differt.</strong></span> 
     </span>
    </p>

    <p class='ocr_par' dir='ltr' id='par_1_15' title="bbox 231 2416 2075 2570">
     <span class='ocr_line' id='line_1_27' title="bbox 300 2416 2075 2493; baseline 0.006 -29"><span class='ocrx_word' id='word_1_157' title='bbox 300 2433 342 2481; x_wconf 91' lang='lat'><strong>9.</strong></span> <span class='ocrx_word' id='word_1_158' title='bbox 381 2416 613 2465; x_wconf 83' lang='lat' dir='ltr'><strong>Numeri</strong></span> <span class='ocrx_word' id='word_1_159' title='bbox 650 2419 1106 2484; x_wconf 89' lang='lat' dir='ltr'><strong>Pythagoraeorum,</strong></span> <span class='ocrx_word' id='word_1_160' title='bbox 1142 2420 1364 2468; x_wconf 89' lang='lat' dir='ltr'><strong>Platonis</strong></span> <span class='ocrx_word' id='word_1_161' title='bbox 1400 2419 1549 2483; x_wconf 68' lang='lat' dir='ltr'><strong>idere,</strong></span> <span class='ocrx_word' id='word_1_162' title='bbox 1587 2422 1859 2493; x_wconf 80' lang='lat' dir='ltr'><strong>categoriae</strong></span> <span class='ocrx_word' id='word_1_163' title='bbox 1889 2424 2075 2475; x_wconf 90' lang='lat' dir='ltr'><strong>Aristo-</strong></span> 
     </span>
     <span class='ocr_line' id='line_1_28' title="bbox 231 2498 1742 2570; baseline 0.003 -24"><span class='ocrx_word' id='word_1_164' title='bbox 231 2498 365 2560; x_wconf 88' lang='lat' dir='ltr'><strong>telis,</strong></span> <span class='ocrx_word' id='word_1_165' title='bbox 400 2499 572 2548; x_wconf 89' lang='lat' dir='ltr'><strong>Kantii</strong></span> <span class='ocrx_word' id='word_1_166' title='bbox 589 2499 789 2564; x_wconf 81' lang='lat' dir='ltr'><strong>formoe</strong></span> <span class='ocrx_word' id='word_1_167' title='bbox 806 2516 980 2566; x_wconf 69' lang='lat' dir='ltr'><strong>purae,</strong></span> <span class='ocrx_word' id='word_1_168' title='bbox 1014 2508 1132 2550; x_wconf 90' lang='lat' dir='ltr'><strong>sunt</strong></span> <span class='ocrx_word' id='word_1_169' title='bbox 1159 2502 1356 2550; x_wconf 88' lang='lat' dir='ltr'><strong>somnia</strong></span> <span class='ocrx_word' id='word_1_170' title='bbox 1383 2502 1742 2570; x_wconf 90' lang='lat' dir='ltr'><strong>philosophica.</strong></span> 
     </span>
    </p>

    <p class='ocr_par' dir='ltr' id='par_1_16' title="bbox 302 2582 1851 2646">
     <span class='ocr_line' id='line_1_29' title="bbox 302 2582 1851 2646; baseline 0.005 -20"><span class='ocrx_word' id='word_1_171' title='bbox 302 2596 375 2628; x_wconf 91' lang='lat'><strong>10.</strong></span> <span class='ocrx_word' id='word_1_172' title='bbox 411 2582 472 2629; x_wconf 90' lang='lat' dir='ltr'><strong>In</strong></span> <span class='ocrx_word' id='word_1_173' title='bbox 497 2582 660 2646; x_wconf 88' lang='lat' dir='ltr'><strong>logica</strong></span> <span class='ocrx_word' id='word_1_174' title='bbox 687 2582 865 2632; x_wconf 87' lang='lat' dir='ltr'><strong>veritas</strong></span> <span class='ocrx_word' id='word_1_175' title='bbox 894 2591 968 2631; x_wconf 91' lang='lat' dir='ltr'><strong>est</strong></span> <span class='ocrx_word' id='word_1_176' title='bbox 996 2583 1202 2631; x_wconf 88' lang='lat' dir='ltr'><strong>nonnisi</strong></span> <span class='ocrx_word' id='word_1_177' title='bbox 1230 2583 1455 2633; x_wconf 87' lang='lat' dir='ltr'><strong>idearum</strong></span> <span class='ocrx_word' id='word_1_178' title='bbox 1481 2585 1851 2635; x_wconf 86' lang='lat' dir='ltr'><strong>concordantia.</strong></span> 
     </span>
    </p>

    <p class='ocr_par' dir='ltr' id='par_1_17' title="bbox 230 2663 2079 2815">
     <span class='ocr_line' id='line_1_30' title="bbox 302 2663 2076 2736; baseline 0.006 -29"><span class='ocrx_word' id='word_1_179' title='bbox 302 2677 375 2708; x_wconf 92' lang='lat'><strong>11.</strong></span> <span class='ocrx_word' id='word_1_180' title='bbox 412 2663 606 2715; x_wconf 90' lang='lat' dir='ltr'><strong>Veritas</strong></span> <span class='ocrx_word' id='word_1_181' title='bbox 641 2664 696 2711; x_wconf 91' lang='lat' dir='ltr'><strong>in</strong></span> <span class='ocrx_word' id='word_1_182' title='bbox 731 2664 1063 2731; x_wconf 87' lang='lat' dir='ltr'><strong>metaphysica</strong></span> <span class='ocrx_word' id='word_1_183' title='bbox 1105 2666 1289 2729; x_wconf 90' lang='lat' dir='ltr'><strong>pendet</strong></span> <span class='ocrx_word' id='word_1_184' title='bbox 1331 2682 1359 2714; x_wconf 92' lang='lat' dir='ltr'><strong>e</strong></span> <span class='ocrx_word' id='word_1_185' title='bbox 1396 2666 1646 2730; x_wconf 89' lang='lat' dir='ltr'><strong>primitiva</strong></span> <span class='ocrx_word' id='word_1_186' title='bbox 1685 2666 1922 2717; x_wconf 82' lang='lat' dir='ltr'><strong>affinitate</strong></span> <span class='ocrx_word' id='word_1_187' title='bbox 1964 2687 2076 2736; x_wconf 83' lang='lat' dir='ltr'><strong>quae</strong></span> 
     </span>
     <span class='ocr_line' id='line_1_31' title="bbox 230 2740 2079 2815; baseline 0.007 -27"><span class='ocrx_word' id='word_1_188' title='bbox 230 2740 360 2792; x_wconf 86' lang='lat' dir='ltr'><strong>inter</strong></span> <span class='ocrx_word' id='word_1_189' title='bbox 387 2759 560 2793; x_wconf 91' lang='lat' dir='ltr'><strong>sensus</strong></span> <span class='ocrx_word' id='word_1_190' title='bbox 589 2752 637 2794; x_wconf 89' lang='lat' dir='ltr'><strong>et</strong></span> <span class='ocrx_word' id='word_1_191' title='bbox 668 2745 913 2795; x_wconf 87' lang='lat' dir='ltr'><strong>rationem</strong></span> <span class='ocrx_word' id='word_1_192' title='bbox 933 2782 945 2806; x_wconf 92' lang='lat'><strong>,</strong></span> <span class='ocrx_word' id='word_1_193' title='bbox 978 2764 1086 2797; x_wconf 87' lang='lat' dir='ltr'><strong>non</strong></span> <span class='ocrx_word' id='word_1_194' title='bbox 1113 2762 1142 2796; x_wconf 94' lang='lat' dir='ltr'><strong>e</strong></span> <span class='ocrx_word' id='word_1_195' title='bbox 1175 2746 1559 2799; x_wconf 84' lang='lat' dir='ltr'><strong>ratiocinatione</strong></span> <span class='ocrx_word' id='word_1_196' title='bbox 1587 2750 1675 2799; x_wconf 89' lang='lat' dir='ltr'><strong>sed</strong></span> <span class='ocrx_word' id='word_1_197' title='bbox 1703 2766 1731 2800; x_wconf 92' lang='lat' dir='ltr'><strong>e</strong></span> <span class='ocrx_word' id='word_1_198' title='bbox 1761 2749 2079 2815; x_wconf 87' lang='lat' dir='ltr'><strong>cogitatione.</strong></span> 
     </span>
    </p>
   </div>
  </div>
 </body>
</html>
