2714 3484
1456 101 1525 147 ‚14

557 194 728 235 mente
752 192 844 241 est,
874 194 930 232 ut
957 182 1150 232 nemini
1180 182 1334 230 dubia
1355 200 1430 231 res
1454 184 1540 242 sit,
1565 183 1699 232 miro
1728 185 1876 233 modo
1904 201 1965 234 ac
1988 203 2091 233 non
2115 187 2225 233 sine
2253 188 2416 236 numi-

563 267 642 315 nis
675 266 908 330 supremi
944 274 1102 320 nutu,
1138 263 1379 334 gentibus
1423 264 1651 313 veritatis
1692 277 1889 315 oelernoe
1923 267 2198 340 imaginem
2225 287 2419 334 propo·

562 350 725 398 suisse
756 347 1171 409 PYTHAGORAM,
1207 345 1508 395 Paron-EM
1540 365 1632 396 nec
1663 366 1765 397 non
1794 349 2133 399 PLonNoM.¹

637 681 975 742 THESES
1005 646 1488 765 Pythagoricae,
1523 678 1898 756 Platonicae,
1943 683 2341 747 Plotim'anoe.

561 901 600 931 1.
637 847 870 932 'Omni
914 880 969 929 in
1007 881 1201 928 mundo
1243 879 1604 942 numerabilia,
1649 882 2165 932 commensurabilia:
2215 884 2413 932 numeri

555 981 672 1028 ergo
707 965 953 1030 principia
985 964 1214 1011 omnium
1246 979 1427 1010 rerum.
1465 964 1603 1011 Hinc
1628 964 1889 1012 harmonia
1919 967 2240 1030 sphaerarum‚
2270 964 2415 1029 cujus

552 1049 744 1095 musica
777 1045 1014 1095 terrestris
1053 1045 1233 1106 imago.

622 1145 665 1176 2.
703 1130 885 1177 Monas
920 1138 968 1175 ct
995 1127 1129 1191 Dyas
1154 1129 1398 1173 elementa
1426 1135 1543 1173 sunt
1571 1142 1735 1173 rerum
1765 1126 2009 1173 omnium.

613 1207 659 1257 3.
696 1210 773 1257 Ex
802 1210 917 1271 igne
957 1207 1161 1257 centrali
1199 1206 1370 1253 omnia
1405 1206 1606 1255 fluxere.
1643 1206 1780 1269 Ignis
1806 1207 1892 1255 ille
1918 1207 2198 1255 animarum
2225 1208 2408 1273 princi-

550 1293 693 1359 pium
730 1306 1117 1357 corporumque.
1140 1289 1334 1338 -Unurn
1364 1288 1691 1353 primitivum.

617 1389 662 1434 4.
698 1374 839 1423 Deus
867 1382 913 1422 et
939 1371 1165 1421 materies
1195 1379 1241 1420 et
1274 1371 1397 1419 ideae
1423 1388 1590 1420 rerum
1620 1387 1647 1420 e
1687 1370 1890 1420 materie
1916 1370 2259 1432 formatarum,
2290 1382 2408 1421 sunt

542 1473 711 1506 femin
734 1456 997 1521 principia.

615 1540 659 1588 5.
695 1539 900 1589 Eaedem
934 1538 1086 1597 ideae,
1120 1536 1176 1584 in
1202 1537 1314 1585 Deo
1348 1535 1598 1601 primitive
1632 1535 1918 1595 existentes,
1955 1536 2009 1584 in
2042 1547 2207 1586 mente
2240 1538 2403 1586 homi-

545 1641 669 1670 num
697 1621 957 1687 depositae,
986 1638 1014 1667 a
1043 1635 1284 1667 sensuum
1308 1620 1432 1667 ludo
1459 1617 1819 1683 expergefiunt,
1844 1618 2103 1667 scientiam
2129 1621 2401 1668 humanam

544 1704 875 1754 constituunt.

611 1786 656 1834 6.
696 1786 935 1834 Naturam
963 1785 1080 1834 fecit
1104 1785 1268 1843 DeuS‚
1290 1799 1317 1832 e
1336 1784 1542 1832 materie
1568 1792 1746 1833 aeterna
1768 1801 1968 1833 sumens
1993 1784 2186 1848 ignem,
2210 1802 2398 1847 aerem,

542 1889 753 1936 aquam,
789 1879 1002 1929 terram3
1040 1869 1107 1916 ita
1135 1868 1394 1916 miscendo
1425 1877 1482 1916 ut
1518 1867 1839 1933 corporibus,
1878 1886 1988 1933 quae
2032 1887 2201 1928 nunc,
2236 1879 2400 1919 essent

543 1954 728 2001 formae.

613 2053 656 2098 7.
696 2037 825 2083 ldeae
864 2033 1174 2081 constituunt
1205 2032 1450 2079 mundum
1482 2030 1851 2092 intelligibilem
1869 2066 1881 2089 ,
1909 2034 2157 2080 mundum
2181 2034 2233 2081 in
2257 2036 2396 2096 Deo,

536 2132 645 2165 non
675 2117 834 2175 eictra.
870 2113 1014 2180 cujus
1042 2116 1141 2162 hoc
1175 2114 1467 2163 universum
1501 2113 1664 2176 imago
1688 2121 1882 2161 aeterna.

606 2199 652 2245 8.
688 2198 925 2247 Materies
953 2216 1054 2246 una
1082 2215 1199 2245 cum
1226 2206 1410 2245 naturae
1432 2195 1590 2243 forma
1621 2195 1695 2243 nil
1723 2195 1821 2243 nisi
1848 2197 2144 2261 apparentia.
2173 2198 2395 2261 Malum,

539 2281 764 2330 materiei
797 2298 964 2328 comes
977 2316 990 2339 ,
1010 2297 1262 2344 apparens.

540 2445 889 2492 dicitScxt.Emp.
902 2443 992 2482 adv.
1003 2445 1097 2490 VII,
1116 2445 1169 2481 16.
1191 2446 1235 2481 In
1252 2444 1414 2492 scriptis
1428 2456 1528 2492 quos
1539 2444 1845 2493 reliquitPLATo
1857 2447 2128 2487 nominantur
2139 2442 2393 2484 ἧθιαλεκτικη

539 2527 717 2564 mas-upa„
740 2517 783 2551 et
808 2509 899 2551 ἧτου
926 2511 1124 2557 &Avis-ov
1145 2523 1338 2562 επιιςημη.
1367 2511 1445 2550 Sed
1471 2512 1555 2550 haec
1589 2526 1699 2550 nunc
1725 2513 1942 2552 mittenda.
1971 2514 2229 2561 Ad-jiciemus
2256 2521 2392 2551 tamen

534 2583 655 2619 nobis
677 2594 762 2619 esse
790 2582 833 2617 in
856 2581 963 2621 votis
988 2580 1038 2618 de
1064 2580 1366 2617 Platonicorum
1385 2584 1509 2630 atque
1534 2580 1944 2630 Neo-platonicorum
1966 2582 2128 2631 placitis
2150 2593 2197 2619 ea
2214 2594 2302 2632 quae
2324 2582 2391 2620 hic

535 2650 762 2700 adjungere
784 2655 942 2699 tempus
962 2655 1099 2695 vetat,
1124 2650 1285 2698 publici
1312 2662 1409 2687 mox
1430 2651 1568 2688 facere
1591 2651 1704 2695 juris.

594 2732 609 2756 ι
643 2718 700 2756 Cf.
731 2718 856 2755 Clem.
877 2718 998 2755 Alex.
1018 2718 1167 2754 Str-om.
1191 2718 1283 2764 275,
1309 2718 1378 2761 233
1405 2730 1500 2765 270,
1530 2730 1596 2765 ¹93
1628 2718 1722 2765 295,
1754 2729 1786 2752 1.
