2714 3484
1157 158 1183 203 7

246 241 364 290 colis
411 256 586 307 parum
633 242 804 286 tractat
846 235 1195 302 philosophica
1216 273 1229 297 ,
1278 244 1325 286 et
1360 234 1582 308 dialogis
1629 254 1723 288 nec
1771 237 1943 289 omnia
1993 257 2106 307 quae

245 325 417 374 PLA‘ro
454 323 711 370 invenerat
745 319 941 381 insunt,
990 336 1086 369 nec
1127 320 1297 369 omnia
1332 338 1442 386 quae
1475 320 1647 369 insunt
1692 322 1949 372 PLAToms
1987 325 2104 373 red-

243 409 370 455 dunt
400 402 712 453 sententiam.
759 403 1006 467 Dialogus
1041 411 1214 451 natura
1248 419 1336 452 sua
1368 420 1540 468 parum
1572 404 1635 450 ad
1665 410 1983 468 systematum
2013 422 2096 455 ex-

243 486 549 552 positionem
577 496 648 535 est
672 494 827 550 aptus·
871 487 933 533 In
961 503 1023 534 eo
1046 502 1227 549 nempe
1253 485 1556 532 secundariae
1583 487 1812 550 quaedam
1838 503 1922 542 resv
1940 487 2099 535 fusius

244 583 372 630 saepe
413 583 557 630 aequo
598 564 939 630 explicantur3
984 582 1011 611 a
1054 563 1310 629 principiis
1347 565 1408 611 ad
1448 565 1799 614 remotissimas
1845 567 2101 617 aberratur

243 648 630 713 consequentias
654 666 664 694 :
695 647 1007 712 labyrinthus
1035 646 1155 696 inde
1186 645 1350 696 existit
1379 647 1430 695 in
1462 666 1566 713 quo
1600 646 1852 696 incassum
1878 652 2100 714 plerum-

241 747 340 797 que
386 730 622 797 quaeritur
660 733 801 797 quod
842 732 1020 780 educat
1058 728 1217 779 filum.
1273 730 1405 778 Cum
1451 746 1571 780 vero
1608 731 1851 794 imagines
1893 731 2097 797 insuper

238 813 663 879 frequentissimas
685 821 834 878 atque
856 813 1050 878 mythos
1072 812 1175 861 suis
1198 812 1382 862 intexat
1401 813 1618 879 scriptis,
1653 830 1770 860 cum
1793 813 2095 879 quaestiones

240 913 354 946 suas
386 898 448 945 ad
479 896 631 947 finem
664 897 935 962 perducere
965 895 1139 944 timere
1161 894 1414 956 videatur,
1441 914 1558 943 cum
1588 896 1802 944 aliorum
1835 905 2096 961 systemata

242 978 399 1040 magis
448 995 597 1043 quam
645 994 734 1025 sua
778 978 1046 1042 expandat,
1095 994 1212 1025 cum
1259 993 1371 1025 suas
1416 994 1623 1042 quoque
1665 977 1932 1025 sententias
1984 978 2093 1026 aliis

242 1061 508 1109 attribuere
558 1067 720 1119 amet,
776 1077 891 1107 cum
945 1058 1167 1124 denique
1211 1057 1385 1108 iterato
1432 1056 1640 1107 affirmet
1677 1058 1732 1106 in
1772 1058 2094 1123 philosophia

238 1161 346 1190 non
378 1142 550 1190 omnia
584 1142 638 1189 in
663 1142 929 1206 publicum
965 1158 1071 1189 esse
1105 1142 1332 1189 edenda:
1376 1158 1482 1188 non
1514 1141 1665 1189 video
1686 1177 1698 1199 ,
1732 1144 1996 1204 quomodo
2028 1143 2093 1190 de

239 1231 407 1272 mente
438 1223 695 1271 PLA‘roms
725 1239 949 1288 unquam
974 1220 1248 1286 poterimus
1277 1236 1381 1270 esse
1410 1219 1655 1270 certiores.
1712 1220 1944 1271 Attamen
1973 1239 2092 1271 cum

237 1303 412 1352 PLATo
446 1320 553 1351 non
586 1303 626 1350 is
654 1303 881 1352 videatur
913 1302 1003 1365 qui
1033 1303 1129 1349 alia
1162 1304 1339 1348 doceat
1370 1302 1496 1348 intra
1532 1319 1701 1348 muros
1743 1320 1895 1367 quam
1933 1313 2094 1364 extra3

237 1404 355 1434 cum
391 1385 443 1432 in
473 1401 654 1448 genere
686 1402 792 1431 non
828 1384 891 1431 sit
920 1383 1080 1432 facilis
1110 1400 1186 1431 res
1219 1385 1484 1432 sententias
1518 1399 1631 1430 suas
1665 1384 1732 1430 ita
1764 1386 1951 1444 celare,
1979 1394 2034 1433 ut
2062 1401 2091 1434 e

237 1466 470 1532 mythicis
507 1465 730 1514 nubibus
766 1463 1167 1529 nonsplendida
1204 1464 1378 1528 saepius
1413 1464 1606 1512 lumina
1642 1465 1933 1527 effulgeant;
1972 1483 2091 1514 cum

235 1548 497 1614 probabile
525 1548 588 1594 sit
614 1546 861 1610 denique,
889 1562 1063 1595 omnes
1089 1563 1199 1610 quae
1226 1545 1354 1594 inter
1383 1544 1681 1594 exotericam
1706 1553 1855 1610 atque
1882 1547 2091 1596 esoteri-

237 1647 347 1678 cam
371 1628 690 1677 intercessere
715 1625 1002 1675 differentiae
1030 1624 1084 1674 in
1109 1642 1170 1676 eo
1200 1624 1480 1674 constitisse
1497 1661 1509 1684 ,
1533 1634 1588 1673 ut
1611 1625 1666 1673 in
1688 1624 1954 1688 publicum
1980 1627 2091 1694 qui-

239 1713 354 1760 dem
378 1714 544 1760 ederet
565 1709 896 1774 philosophiae
918 1711 1186 1769 elementa,
1208 1707 1404 1758 selectis
1426 1724 1544 1757 vero
1565 1707 1763 1756 asseclis
1784 1709 2091 1773 superiorem

235 1794 487 1859 quandam
525 1794 761 1841 revelaret
804 1792 1116 1852 doctrinam,
1152 1808 1260 1839 non
1299 1791 1477 1850 video,
1514 1808 1602 1838 cur
1644 1790 1699 1838 in
1739 1790 1950 1855 dialogis
1982 1809 2091 1840 non

235 1892 351 1926 vere
387 1874 695 1923 Platonicam
730 1890 1061 1939 quaereremus
1094 1870 1426 1937 sapientiam?
1477 1871 1574 1921 Sed
1613 1872 1670 1921 in
1702 1880 1835 1921 tanta
1869 1874 2091 1938 philoso-

237 1958 451 2022 phorum
468 1992 480 2015 ,
508 1956 597 2020 qui
623 1955 679 2002 in
704 1955 915 2017 dialogis
943 1954 1216 2002 Platonicis
1242 1955 1515 2014 disserunt,
1545 1972 1759 2015 corona,
1790 1973 1888 2020 qua
1913 1956 1996 2003 via
2026 1957 2091 2002 ad

237 2038 325 2087 illa
351 2037 748 2103 perveniendum
777 2054 887 2103 quae
914 2052 1028 2086 vere
1053 2035 1307 2085 Platonis?
1338 2036 1591 2085 Socratem
1620 2034 1727 2103 ejus
1754 2046 1914 2102 partes
1937 2054 2083 2102 agere

235 2121 291 2170 in
313 2119 543 2187 plurimis
569 2120 791 2177 videtur,
820 2120 958 2185 quod
983 2118 1132 2168 etiam
1155 2118 1275 2167 inde
1298 2127 1453 2184 patet,
1480 2122 1618 2185 quod
1643 2120 1748 2185 ipse
1770 2120 1994 2169 Socrates
2017 2121 2086 2168 ob

232 2204 353 2252 false
401 2202 501 2250 sibi
545 2202 775 2250 attributa
819 2201 1124 2266 discipulum
1163 2200 1530 2267 vituperaverit.
1596 2203 1644 2248 N
1648 2220 1715 2249 on
1769 2202 1922 2266 igitur
1977 2205 2089 2251 des-

231 2287 509 2351 perandum
542 2295 613 2332 est
640 2302 699 2333 ex
727 2303 820 2331 usu
846 2285 1084 2331 diuturno
1114 2283 1496 2332 familiaritatem
1525 2286 1777 2350 quandam
1807 2285 1937 2334 inire
1966 2304 2086 2334 cum

234 2368 456 2416 Platonis
488 2366 617 2416 veris
649 2366 919 2415 sententiis.

300 2449 382 2496 Ad
407 2449 692 2495 PLo'r1NUM
721 2448 1102 2512 properandum.
1124 2446 1243 2495 Non
1259 2446 1491 2494 lubenter
1517 2446 1600 2494 hic
1621 2446 1804 2495 litteras
1833 2448 2081 2497 exarabat:

235 2541 388 2581 artem
418 2531 548 2579 hanc
582 2549 610 2577 a
643 2530 825 2580 teneris
851 2548 958 2579 non
992 2537 1299 2591 exercuerat3
1334 2537 1504 2595 postea
1535 2530 1694 2579 oculis
1715 2530 1898 2579 defecit
1921 2530 2081 2593 acies;

233 2613 481 2662 scribebat
497 2612 620 2661 mira
643 2612 909 2661 velocitate
923 2631 935 2671 ;
957 2630 984 2659 a
999 2613 1163 2661 charta
1179 2629 1305 2677 saepe
1324 2612 1608 2673 distractus;
1631 2612 1807 2678 scripta
1821 2631 2086 2679 nunquam

229 2694 502 2758 religendo.
522 2694 666 2743 Talia
679 2695 816 2745 fuere
830 2694 1088 2744 volumina
1099 2730 1112 2755 ‚
1126 2714 1153 2744 a
1168 2695 1401 2743 PLo'rmo
1414 2692 1517 2761 jam
1531 2695 1592 2742 ad
1606 2694 2084 2760 quinquagesimum

229 2775 380 2824 aetatis
408 2793 599 2824 annum
622 2785 867 2838 vertente,
896 2777 1170 2840 conscripta
1185 2812 1199 2837 ,
1228 2776 1606 2841 Porphyrioque
1620 2811 1634 2838 ‚
1655 2777 1719 2823 ab
1741 2775 1850 2841 ipso
1878 2787 2084 2827 auctore
