2714 3484
1522 125 1580 158 12

671 210 886 280 Sceptici
904 218 1071 259 tamen
1082 205 1185 276 jam
1202 223 1289 276 per
1304 210 1485 258 saecula
1504 215 1784 274 suspectam
1801 209 2018 260 fecerant
2032 212 2213 261 mentis
2234 216 2464 267 humanae

604 313 681 346 rcs
710 296 839 360 ipsas
868 293 1162 358 penetrandi
1196 294 1511 350 facultatem3
1552 309 1657 340 non
1683 293 1819 340 ideas
1852 294 1979 358 ipsas
2008 294 2239 359 quidem,
2270 298 2356 344 sed
2387 316 2462 347 res

606 386 828 426 externas
856 376 983 425 ideis
1009 376 1387 438 respondenteS‚
1422 375 1600 423 dubias
1623 375 1966 437 reddiderant,
1984 379 2064 426 vel
2094 378 2264 425 saltem
2294 394 2463 426 earum

605 469 825 508 exactam
860 457 1125 522 conceptui
1161 465 1331 505 nostro
1362 456 1779 506 conformitatem.
1821 458 2093 510 Veritatem
2122 460 2271 523 igitur
2301 470 2461 510 sustu-

602 544 761 591 lerant
787 559 815 590 e
836 542 1030 589 mundo
1058 558 1152 588 suo
1182 549 1470 605 apparente,
1503 542 1611 600 vel,
1646 550 1702 587 ut
1725 540 1893 590 verius
1923 541 2115 600 dicam,
2155 558 2181 589 e
2213 543 2318 590 sola
2352 560 2462 609 quae

603 624 761 674 menti
787 626 1021 673 humanae
1049 626 1159 671 data
1187 623 1247 671 sit
1273 640 1438 671 rerum
1460 633 1647 671 natura.
1690 623 1915 673 Aliunde
1937 642 2055 685 vero
2080 625 2306 674 doctrina
2330 643 2462 691 quae·

603 710 746 764 dam,
775 706 948 755 animo
977 705 1200 753 hominis
1228 714 1477 769 exoptata,
1511 707 1768 753 coelestem
1793 724 1890 769 prae
1918 723 1971 755 se
1998 708 2158 755 ferens
2189 708 2461 772 originem,

601 779 665 838 ab
694 791 803 856 ipso
827 806 1061 853 supremo
1088 787 1312 836 Numine
1341 788 1452 835 orbi
1479 788 1719 847 revelata,
1748 788 1921 851 generi
1949 789 2175 838 humano
2204 791 2462 841 arridebat.

599 873 747 921 Tunc
789 873 1081 930 PLonNUS,
1121 871 1241 918 hinc
1280 881 1428 936 atque
1459 869 1601 918 illinc
1634 869 1689 918 in
1719 869 1971 935 angustias
2010 874 2324 937 compulsus,
2358 892 2464 924 non

601 954 816 1019 amplius
847 954 1092 1002 haesitavit
1122 953 1361 1002 doctrinae
1392 970 1493 1001 suae
1520 952 1883 1018 philosophicae
1915 953 2221 1020 principium
2249 972 2464 1021 ponere,

600 1036 866 1102 hypothesi
899 1037 1149 1092 idearum,
1191 1035 1233 1081 si
1271 1035 1395 1099 quid
1431 1044 1613 1099 potest,
1652 1038 1813 1082 multo
1841 1036 2095 1083 audacius.
2138 1039 2183 1083 A
2212 1037 2461 1101 principio

600 1135 767 1168 rerum
799 1117 1055 1175 omnium,
1084 1136 1111 1165 a
1139 1118 1329 1166 lumine
1350 1115 1629 1177 luminum,
1660 1116 1819 1166 menti
1839 1118 2070 1167 humanae
2095 1118 2239 1168 datur
2259 1118 2461 1168 intuitio

601 1201 840 1250 universi.
876 1234 898 1253 «
926 1200 1067 1247 Sicut
1098 1216 1182 1263 per
1210 1199 1374 1263 ipsum
1400 1201 1573 1247 lumen
1600 1208 1646 1247 et
1670 1202 1849 1247 oculus
1881 1209 1952 1247 est
1975 1201 2231 1264 perspicax
2253 1209 2301 1249 et
2324 1203 2461 1249 colo-

601 1316 625 1338 «
667 1300 745 1332 res
779 1292 895 1331 sunt
936 1280 1209 1346 perspicui,
1243 1280 1298 1327 in
1330 1280 1517 1345 quibus
1556 1282 1736 1327 oculus
1768 1280 1905 1329 videt
1932 1283 2108 1330 lumen
2143 1283 2282 1346 quod
2317 1282 2372 1330 in
2409 1299 2460 1331 se

600 1396 624 1417 «
671 1365 780 1430 ipso
811 1381 918 1413 non
947 1364 1082 1412 videt
1106 1383 1116 1408 :
1149 1362 1220 1409 sic
1250 1378 1337 1426 per
1361 1362 1577 1425 primum
1606 1361 1915 1426 principium
1941 1370 1989 1411 et
2014 1379 2155 1412 mens
2183 1364 2462 1427 intelligere

597 1595 788 1640 laudare,
817 1594 885 1632 vel
911 1606 999 1642 quae
1024 1597 1260 1630 statuerunt
1284 1604 1503 1642 exponere.
1533 1592 1599 1631 Ad
1632 1594 1717 1631 haec
1746 1594 1832 1633 sere
1858 1594 2058 1634 videntur
2085 1596 2223 1635 redire
2245 1614 2252 1634 :
2281 1593 2323 1645 a)
2352 1596 2461 1634 ldeas

599 1677 673 1701 esse
698 1664 787 1701 deos
810 1663 995 1713 quosdam
1019 1676 1044 1698 a
1064 1675 1238 1711 supremo
1254 1663 1422 1698 Numine
1442 1662 1618 1698 distincte
1638 1664 1849 1699 existentes.
1879 1664 2143 1709 Aristoteles,
2162 1677 2199 1700 v.
2222 1664 2460 1702 Cudworth.

598 1733 701 1783 Syst.
729 1732 864 1770 intell.
902 1731 967 1768 ed.
993 1730 1124 1768 Mosh.
1158 1744 1194 1779 p.
1223 1731 1321 1777 662,
1355 1736 1498 1768 contra
1527 1730 1720 1769 Brucker.
1750 1732 1855 1769 Hist.
1887 1732 1988 1781 phil.
2017 1734 2053 1778 I,
2081 1733 2167 1781 698.
2196 1729 2233 1781 b)
2258 1732 2369 1769 Ideas
2390 1745 2464 1769 esse

597 1802 833 1840 substantias
854 1801 1040 1851 quasdam
1068 1812 1293 1845 memus,
1318 1800 1465 1848 quibus
1494 1800 1539 1836 in
1574 1799 1794 1837 condendo
1819 1801 2013 1837 universo
2038 1800 2156 1849 quasi
2189 1801 2296 1849 typis
2322 1812 2463 1838 rerum

598 1871 709 1908 Deus
728 1868 783 1905 sit
795 1879 902 1904 usus.
933 1868 1112 1917 Plessing
1125 1866 1170 1903 in
1190 1867 1449 1910 Memnonim
1470 1879 1507 1905 v.
1526 1871 1691 1914 contra,
1711 1869 1836 1905 ΡιΑτο
1859 1867 1902 1903 ἰη
1922 1868 2175 1905 Parmenide.
2193 1869 2462 1905 Tennemanu

595 1938 645 1973 in
668 1937 772 1974 Hist.
797 1936 945 1985 philos.
970 1937 1026 1972 VI
1035 1962 1046 1981 ,
1074 1936 1161 1979 304.
1191 1931 1227 1982 c)
1255 1934 1365 1971 Ideas
1381 1947 1455 1971 esse
1480 1934 1714 1972 substantias
1731 1936 1948 1972 materiales
1965 1948 2072 1985 aeque
2092 1949 2137 1972 ac
2163 1936 2327 1972 rationis
2341 1948 2461 1985 puras

599 2006 786 2042 notiones.
819 2004 996 2053 Plessing
1022 2004 1065 2039 in
1090 2004 1341 2040 Memnonio.
1372 2000 1415 2050 d)
1438 2002 1550 2038 ldeas
1577 2006 1726 2038 mutato
1757 2003 1909 2037 nomine
1935 2014 2008 2038 esse
2036 2002 2365 2052 Pythagoreorum
2393 2016 2463 2038 nu-

600 2085 721 2108 mer-os
744 2069 897 2119 (Arist.
917 2071 1145 2118 Metaphys.
1166 2072 1204 2116 I,
1227 2067 1295 2118 G);
1314 2069 1535 2105 Aristotelis
1552 2069 1781 2119 categorias.
1809 2068 2070 2113 Stewardus,
2088 2069 2132 2104 in
2148 2069 2376 2105 Recherches
2397 2083 2463 2106 sur·

598 2138 893 2175 l’entendeme-nt
907 2136 1085 2173 humain.
1108 2137 1192 2173 haec
1211 2136 1338 2173 habet
1357 2152 1365 2170 .-
1393 2156 1412 2178 «
1429 2136 1571 2173 Platon
1588 2140 1626 2172 et
1640 2136 1810 2173 Aristote
1825 2148 1870 2172 ne
1888 2135 2110 2187 diffe'roient
2129 2140 2215 2172 tant
2228 2149 2300 2187 que
2315 2150 2392 2187 par
2411 2140 2463 2174 les

598 2213 717 2253 mots;
742 2207 873 2244 l'unet
890 2205 1027 2242 l'autre
1046 2205 1297 2242 admettoient
1316 2217 1391 2241 une
1405 2205 1561 2242 matiere
1574 2205 1768 2250 eternelle3
1789 2205 1883 2242 mais
1900 2205 2042 2242 Platon
2055 2205 2272 2254 pretendoit
2284 2218 2333 2241 en
2351 2212 2462 2243 outre

591 2274 696 2325 qu'il
720 2275 835 2311 existe
865 2274 911 2308 de
935 2278 1040 2308 toute
1066 2273 1230 2308 eternite'
1256 2271 1365 2308 l’idee
1393 2285 1444 2308 ou
1470 2272 1510 2307 la
1525 2268 1654 2319 forme
1675 2270 1720 2307 de
1739 2270 1889 2321 chaque
1907 2282 2025 2322 genre
2050 2270 2095 2306 de
2121 2269 2260 2308 choses.
2288 2273 2464 2309 Aristote

598 2342 750 2394 croyoit
776 2354 848 2392 que
873 2343 914 2379 Ia
939 2341 1094 2378 matie're
1122 2354 1147 2376 a
1176 2354 1230 2390 pu.
1257 2342 1395 2376 exister-
1429 2353 1517 2376 sans
1551 2342 1591 2376 la
1612 2337 1760 2387 forme,
1790 2341 1884 2376 mais
1912 2351 1984 2389 que
2015 2341 2056 2375 la
2076 2337 2206 2388 forme
2240 2352 2285 2376 ne
2311 2342 2462 2378 sauroit

597 2412 736 2448 exister
753 2422 842 2446 sans
862 2410 902 2444 la
925 2409 1124 2452 manere„
1156 2408 1229 2444 Est
1251 2407 1404 2444 multus
1432 2411 1474 2444 et
1500 2407 1671 2444 omuino
1705 2406 1936 2445 audiendus
1972 2408 2015 2444 in
2038 2408 2113 2445 hac
2133 2419 2178 2445 re
2203 2408 2463 2445 admirabilis

597 2476 857 2522 stema-dus,
885 2487 1008 2525 quem
1030 2475 1073 2511 in
1104 2474 1295 2511 hocloco
1323 2472 1548 2511 secundum
1577 2477 1771 2522 excerpta
1802 2486 1891 2512 mea
1921 2486 1943 2512 e
1974 2475 2123 2524 gallica
2151 2475 2343 2513 versione
2374 2477 2461 2513 lau-

599 2546 708 2584 davi.
745 2544 806 2583 Ct'.
840 2544 1036 2592 Porphyr.
1075 2543 1119 2578 in
1159 2542 1314 2578 introd.
1353 2541 1406 2579 ad
1446 2547 1622 2592 categor.
1657 2542 1785 2580 Arist.
1817 2542 1884 2580 Ad
1912 2542 1997 2580 haec
2030 2544 2169 2580 omnia
2201 2556 2224 2581 e
2251 2545 2457 2582 Pnuoms

599 2613 650 2653 de
678 2626 763 2663 rep.
785 2613 896 2650 libro
923 2613 977 2649 VI
1004 2612 1090 2648 haec
1118 2610 1393 2657 adjiciamus:
1422 2610 1519 2648 Idea
1541 2616 1602 2648 est
1624 2622 1687 2649 res
1709 2611 1755 2648 in
1776 2623 1838 2657 se,
1869 2624 2105 2657 noumeuon,
2136 2610 2247 2660 quod
2276 2611 2461 2650 sensibus

600 2696 685 2722 non
707 2683 956 2732 percipitur,
985 2680 1096 2730 quod
1119 2681 1287 2718 nonnisi
1305 2684 1444 2719 mente
1463 2680 1759 2729 comprehendi
1779 2681 1929 2729 possit3
1958 2680 2005 2715 in
2026 2680 2158 2729 logica
2178 2680 2368 2719 notiones
2392 2693 2457 2731 ge-

596 2752 733 2796 neris3
763 2752 808 2787 iu
834 2749 1116 2798 metaphysica
1137 2760 1200 2787 res
1229 2750 1338 2799 ipsa,
1366 2762 1452 2787 non
1472 2761 1592 2788 sensu
1613 2754 1830 2800 percepta,
1853 2747 1924 2788 sed
1949 2752 2090 2787 mente
2112 2748 2299 2799 cogitata.
