2714 3484
1532 130 1591 198 16
2218 190 2245 223 Ἴ

619 225 874 297 Cogitatio
904 232 1010 281 haec
1031 220 1223 281 'mentis
1256 230 1489 279 hu'manae
1527 236 1599 280 est
1635 236 1774 279 actus
1808 218 2116 297 primitivus,
2149 209 2313 281 11ῡὶΪῖ
2319 234 2475 284 modo

616 314 945 381 explicandus
962 352 973 372 ,
999 332 1115 364 vera
1151 313 1392 376 cognitio.
1733 299 1736 303 ⁴
2239 314 2246 319 ”

690 413 766 446 12.
802 397 992 446 Eadem
1029 413 1175 444 causa
1204 395 1390 465 prima,
1414 411 1531 461 quae
1551 395 1782 445 sensibus
1808 394 1993 461 praebet
2021 396 2379 461 phaenomena,
2399 414 2473 447 ra-

617 480 748 528 tioni
776 488 920 528 rectae
948 478 1131 543 praebet
1156 477 1432 526 veritatem.

687 560 765 610 13.
800 561 1043 609 Axioma:
1071 560 1202 607 nihil
1227 559 1283 607 fit
1308 577 1367 607 ex
1394 558 1559 606 nihilo
1581 596 1593 619 ‚
1624 557 1764 607 ducit
1787 559 1848 606 ad
1879 559 2107 609 absurda.

692 656 768 701 14.
803 642 1022 690 Animus
1051 658 1157 687 non
1186 651 1260 688 est
1293 639 1532 686 Numinis
1570 640 1788 700 supremi
1819 657 1941 704 pars.

691 724 767 773 15.
805 721 1058 786 Cogitatio
1083 721 1280 769 homini
1311 739 1416 768 non
1444 731 1517 769 est
1540 729 1788 785 perpetua.

693 805 769 856 16.
814 806 876 854 ln
907 822 1110 865 somno,
1136 803 1211 853 vis
1242 803 1464 870 corporis
1500 803 1556 851 in
1596 802 1823 852 animum
1862 801 2021 869 major
2050 820 2200 868 quam
2228 803 2385 852 animi
2421 805 2476 854 in

623 906 817 954 corpus.

694 988 770 1034 17.
806 968 1118 1032 Principium
1147 967 1424 1032 disciplinae
1449 985 1649 1016 morum
1678 967 1733 1015 in
1758 968 1966 1017 homine
1986 1005 1998 1029 ,
2021 987 2129 1019 non
2155 969 2209 1018 in
2240 969 2379 1029 Deo,
2409 976 2477 1017 est

630 1052 970 1118 quaerendum.

697 1132 770 1180 18.
808 1130 1121 1195 Principium
1143 1130 1271 1177 illud
1293 1147 1398 1176 non
1425 1129 1478 1177 in
1499 1130 1718 1191 ratione,
1742 1147 1847 1178 non
1875 1129 1930 1178 in
1951 1129 2124 1179 animo
2151 1131 2476 1194 (sentiment)

623 1211 872 1268 hominis,
908 1219 979 1259 est
1010 1210 1063 1257 in
1091 1220 1193 1258 tota
1225 1211 1445 1257 humana
1471 1218 1659 1257 natura.

697 1311 771 1359 19.
807 1291 1279 1355 Philosophicarum
1313 1292 1654 1343 doctrinarum
1690 1292 1914 1342 studium
1952 1293 2347 1360 quibuscunque
2379 1303 2477 1343 stu-

627 1377 724 1428 diis
753 1384 825 1425 est
849 1374 1272 1440 anteponendum.

1472 1831 1653 1865 Hle.
